1046 1340
94 97 411 131 CLARISSIMO
428 99 457 129 &
471 99 806 131 ERVDITISSIMO

82 191 167 302 ι15
153 148 835 349 οἰ)ΕΤ11(Ι51151ΪΞΙΝΟΤΙΟ,
880 296 884 299 .

447 312 483 342 v
524 311 560 341 Β

211 376 347 399 STvmonvu
361 382 536 402 HVMANJTATls,
550 382 580 397 ΕΤ
590 383 727 404 EXQrslTAE

291 417 327 431 CV
336 418 344 437 Ι
353 417 432 433 Vsus
451 417 634 431 ELEGANTLAE

97 500 99 502 ¹
156 450 385 494 CVLTORI
412 463 771 495 AMANTISSIMO

325 527 599 551 FAELlcerTEM.

327 600 363 615 um
374 594 415 615 hoe
425 594 527 623 quicquid
537 594 564 615 est
571 594 646 620 libelli,
662 595 736 622 primas
742 595 769 616 rei
775 595 836 617 libra}

327 628 361 648 riae
372 634 429 649 curas
441 628 515 649 nostras
522 642 528 652 ‚
542 628 563 648 in
573 628 678 649 Musarum
686 628 765 649 tuzrum
772 628 835 649 sacra-

327 661 358 682 rio
366 676 373 687 ,
385 662 437 687 tibi,
447 661 486 683 Vir
492 661 661 690 praestantissime,
671 661 747 683 sacrum
754 661 835 690 suspen.

326 694 374 715 dere
383 695 455 723 cogito
462 708 468 719 ‚
482 694 537 715 haud
548 695 623 716 temere
633 695 686 716 illud
691 695 772 724 Peligni
783 696 836 725 vatis

328 728 378 749 mihi
384 728 427 756 ipse
431 727 515 748 subinde
520 727 597 755 objicio
602 741 609 751 ,

354 761 405 791 Qie
414 761 454 782 mel
466 760 564 788 Aristaeo,
580 760 624 788 quis
638 761 716 782 Baccho
730 762 779 783 vina

408 793 495 815 Falerna
505 809 514 818 ,

378 826 498 855 Triptolemo
502 828 576 856 fruges
581 843 589 852 ,
597 827 657 855 'p0ma
668 828 702 849 det
708 829 790 850 Alcinoo
796 828 807 850 ἓ

115 861 157 883 Sed
171 869 207 883 nec
227 865 336 890 propterea
348 874 354 884 ,
375 860 433 887 quod
452 860 639 881 abundantiffimam
653 866 724 881 eorum
742 861 835 882 omnium

91 901 137 923 quae
147 895 173 916 ad
188 894 315 923 antiquitatis
326 893 391 915 studia
406 892 514 914 conferunt
524 907 531 917 ,
550 893 589 914 tibi
598 892 703 921 suppetere
717 900 792 921 penum
806 893 836 914 sa-

90 927 117 948 tis
132 927 193 948 sciam
203 940 210 951 ‚
223 927 289 947 minus
306 926 420 955 persuasum
439 926 505 947 habeo
524 926 565 947 hoc
582 926 703 954 opusculum
714 940 721 951 ,
741 927 764 947 ei
783 925 836 947 facie

91 967 133 988 qua
147 959 204 980 vides
214 958 303 979 recusum
311 973 318 983 ‚
332 959 409 980 sacrum
424 959 462 980 tibi
472 959 544 980 facere.
570 959 651 980 Etenim
663 960 696 981 vel
707 960 728 980 in
739 960 779 981 hoe
791 960 836 987 ipso

91 999 134 1014 non
148 991 296 1012 contemnenda
310 991 386 1019 semper
405 992 465 1020 prisci
484 993 534 1014 ritus
548 993 641 1021 exempla
651 1007 658 1017 ,
673 995 693 1014 &
705 994 730 1014 ab
740 993 835 1022 agricolis

92 1025 176 1054 quidem
182 1026 246 1053 petita
251 1038 258 1049 ,
273 1024 341 1046 sestari
346 1032 378 1046 me
384 1031 512 1053 nequaquam
518 1025 582 1053 pudet
590 1033 594 1046 :
610 1031 698 1053 quorum
704 1032 747 1046 earn
753 1026 836 1053 religio-

92 1061 139 1079 nem
150 1058 225 1079 novisti
233 1072 239 1083 ‚
253 1063 276 1079 ut
286 1058 367 1087 frugum
374 1059 473 1086 primitias
479 1059 586 1087 agrestibus
593 1058 631 1079 suis
639 1059 684 1079 Diis
690 1073 697 1083 ,
710 1065 796 1087 quorum
803 1059 837 1079 be-

92 1092 168 1114 neficio
177 1092 335 1114 foecunditatem
344 1099 439 1121 agrorum
450 1092 562 1114 referebant
578 1096 696 1119 acceptam,
713 1096 772 1119 grato
788 1090 838 1111 liba-

430 1123 432 1125 ’
496 1125 510 1140 ⁴¹³
527 1131 537 1153 3
796 1128 840 1145 rent
