<?xml version="1.0" encoding="UTF-8"?>
<!DOCTYPE html PUBLIC "-//W3C//DTD XHTML 1.0 Transitional//EN"
    "http://www.w3.org/TR/xhtml1/DTD/xhtml1-transitional.dtd">
<html xmlns="http://www.w3.org/1999/xhtml" xml:lang="en" lang="en">
 <head>
  <title>
</title>
<meta http-equiv="Content-Type" content="text/html;charset=utf-8" />
  <meta name='ocr-system' content='tesseract 3.04.00' />
  <meta name='ocr-capabilities' content='ocr_page ocr_carea ocr_par ocr_line ocrx_word'/>
</head>
<body>
  <div class='ocr_page' id='page_1' title='image "./constantiilandi00landgoog_0216.png"; bbox 0 0 1046 1340; ppageno 0'>
   <div class='ocr_carea' id='block_1_1' title="bbox 121 94 874 1147">
    <p class='ocr_par' dir='ltr' id='par_1_1' title="bbox 126 94 870 243">
     <span class='ocr_line' id='line_1_1' title="bbox 258 94 870 125; baseline -0.005 -6"><span class='ocrx_word' id='word_1_1' title='bbox 258 94 710 125; x_wconf 19' lang='lat' dir='ltr'>C.P08TVM1D17ANA;</span> <span class='ocrx_word' id='word_1_2' title='bbox 821 95 870 122; x_wconf 62' lang='grc' dir='ltr'>ἦς</span> 
     </span>
     <span class='ocr_line' id='line_1_2' title="bbox 126 125 865 164; baseline -0.004 -10"><span class='ocrx_word' id='word_1_3' title='bbox 126 125 231 161; x_wconf 67' lang='lat' dir='ltr'>terpretati</span> <span class='ocrx_word' id='word_1_4' title='bbox 241 131 309 160; x_wconf 81' lang='lat' dir='ltr'>coepi,</span> <span class='ocrx_word' id='word_1_5' title='bbox 322 131 381 152; x_wconf 68' lang='lat' dir='ltr'>illico</span> <span class='ocrx_word' id='word_1_6' title='bbox 394 138 418 152; x_wconf 82' lang='lat' dir='ltr'>ae</span> <span class='ocrx_word' id='word_1_7' title='bbox 431 137 464 152; x_wconf 87' lang='lat' dir='ltr'>me</span> <span class='ocrx_word' id='word_1_8' title='bbox 473 130 559 152; x_wconf 82' lang='lat' dir='ltr'>domum</span> <span class='ocrx_word' id='word_1_9' title='bbox 569 132 674 164; x_wconf 74' lang='lat' dir='ltr'>proripui,</span> <span class='ocrx_word' id='word_1_10' title='bbox 689 131 791 153; x_wconf 83' lang='lat' dir='ltr'>historiam</span> <span class='ocrx_word' id='word_1_11' title='bbox 801 131 865 159; x_wconf 77' lang='lat' dir='ltr'>igitur</span> 
     </span>
     <span class='ocr_line' id='line_1_3' title="bbox 126 159 865 187; baseline -0.003 -5"><span class='ocrx_word' id='word_1_12' title='bbox 126 161 179 182; x_wconf 62' lang='lat' dir='ltr'>hunc</span> <span class='ocrx_word' id='word_1_13' title='bbox 184 160 276 184; x_wconf 85' lang='lat' dir='ltr'>brevem,</span> <span class='ocrx_word' id='word_1_14' title='bbox 284 161 306 181; x_wconf 69' lang='grc' dir='ltr'>δι</span> <span class='ocrx_word' id='word_1_15' title='bbox 327 159 474 186; x_wconf 81' lang='lat' dir='ltr'>ualemcunque</span> <span class='ocrx_word' id='word_1_16' title='bbox 482 159 512 179; x_wconf 82' lang='lat' dir='ltr'>tui</span> <span class='ocrx_word' id='word_1_17' title='bbox 517 159 642 180; x_wconf 82' lang='lat' dir='ltr'>numismatis</span> <span class='ocrx_word' id='word_1_18' title='bbox 654 159 728 181; x_wconf 85' lang='lat' dir='ltr'>habeto</span> <span class='ocrx_word' id='word_1_19' title='bbox 736 174 742 185; x_wconf 90' lang='lat'><em>,</em></span> <span class='ocrx_word' id='word_1_20' title='bbox 752 166 799 187; x_wconf 83' lang='lat' dir='ltr'>quae</span> <span class='ocrx_word' id='word_1_21' title='bbox 810 162 822 179; x_wconf 74' lang='lat' dir='ltr'>a</span> <span class='ocrx_word' id='word_1_22' title='bbox 832 165 865 180; x_wconf 83' lang='lat' dir='ltr'>me</span> 
     </span>
     <span class='ocr_line' id='line_1_4' title="bbox 127 186 865 215; baseline -0.004 -5"><span class='ocrx_word' id='word_1_23' title='bbox 127 188 238 212; x_wconf 60' lang='lat' dir='ltr'>anaslesta,</span> <span class='ocrx_word' id='word_1_24' title='bbox 244 187 307 209; x_wconf 74' lang='lat' dir='ltr'>modo</span> <span class='ocrx_word' id='word_1_25' title='bbox 322 187 409 208; x_wconf 81' lang='lat' dir='ltr'>uccurrit</span> <span class='ocrx_word' id='word_1_26' title='bbox 414 187 482 207; x_wconf 80' lang='lat' dir='ltr'>animo</span> <span class='ocrx_word' id='word_1_27' title='bbox 487 200 494 211; x_wconf 89' lang='lat'><em>‚</em></span> <span class='ocrx_word' id='word_1_28' title='bbox 504 187 587 208; x_wconf 73' lang='lat' dir='ltr'>meliora</span> <span class='ocrx_word' id='word_1_29' title='bbox 592 188 639 208; x_wconf 66' lang='lat' dir='ltr'>curn</span> <span class='ocrx_word' id='word_1_30' title='bbox 645 194 736 215; x_wconf 81' lang='lat' dir='ltr'>reperero</span> <span class='ocrx_word' id='word_1_31' title='bbox 744 201 751 213; x_wconf 87' lang='lat'>,</span> <span class='ocrx_word' id='word_1_32' title='bbox 760 186 786 209; x_wconf 89' lang='lat' dir='ltr'>ad</span> <span class='ocrx_word' id='word_1_33' title='bbox 791 192 811 207; x_wconf 91' lang='lat' dir='ltr'>te</span> <span class='ocrx_word' id='word_1_34' title='bbox 817 186 865 208; x_wconf 81' lang='lat' dir='ltr'>scri-</span> 
     </span>
     <span class='ocr_line' id='line_1_5' title="bbox 126 214 540 243; baseline -0.005 -6"><span class='ocrx_word' id='word_1_35' title='bbox 126 216 173 237; x_wconf 82' lang='lat' dir='ltr'>bam</span> <span class='ocrx_word' id='word_1_36' title='bbox 180 224 184 236; x_wconf 93' lang='lat'>:</span> <span class='ocrx_word' id='word_1_37' title='bbox 196 216 238 236; x_wconf 74' lang='lat' dir='ltr'>haee</span> <span class='ocrx_word' id='word_1_38' title='bbox 244 222 296 236; x_wconf 90' lang='lat' dir='ltr'>nunc</span> <span class='ocrx_word' id='word_1_39' title='bbox 301 220 405 243; x_wconf 86' lang='lat' dir='ltr'>utcunque</span> <span class='ocrx_word' id='word_1_40' title='bbox 411 214 465 239; x_wconf 90' lang='lat' dir='ltr'>sunt,</span> <span class='ocrx_word' id='word_1_41' title='bbox 470 214 540 242; x_wconf 86' lang='lat' dir='ltr'>legito.</span> 
     </span>
    </p>

    <p class='ocr_par' dir='ltr' id='par_1_2' title="bbox 121 242 874 1147">
     <span class='ocr_line' id='line_1_6' title="bbox 155 242 865 271; baseline -0.001 -6"><span class='ocrx_word' id='word_1_42' title='bbox 155 245 180 265; x_wconf 85' lang='lat' dir='ltr'>ln</span> <span class='ocrx_word' id='word_1_43' title='bbox 191 242 317 264; x_wconf 76' lang='lat' dir='ltr'>numismatis</span> <span class='ocrx_word' id='word_1_44' title='bbox 328 243 358 263; x_wconf 87' lang='lat' dir='ltr'>tui</span> <span class='ocrx_word' id='word_1_45' title='bbox 365 242 429 270; x_wconf 82' lang='lat' dir='ltr'>priori</span> <span class='ocrx_word' id='word_1_46' title='bbox 438 247 495 270; x_wconf 82' lang='lat' dir='ltr'>parte</span> <span class='ocrx_word' id='word_1_47' title='bbox 500 248 555 263; x_wconf 80' lang='lat' dir='ltr'>extat</span> <span class='ocrx_word' id='word_1_48' title='bbox 561 243 629 271; x_wconf 81' lang='lat' dir='ltr'>imago</span> <span class='ocrx_word' id='word_1_49' title='bbox 634 242 722 264; x_wconf 83' lang='lat' dir='ltr'>mulieris</span> <span class='ocrx_word' id='word_1_50' title='bbox 727 249 795 264; x_wconf 81' lang='lat' dir='ltr'>comas</span> <span class='ocrx_word' id='word_1_51' title='bbox 801 244 821 264; x_wconf 90' lang='lat' dir='ltr'>in</span> <span class='ocrx_word' id='word_1_52' title='bbox 827 243 865 264; x_wconf 57' lang='lat' dir='ltr'>nol</span> 
     </span>
     <span class='ocr_line' id='line_1_7' title="bbox 127 270 865 299; baseline 0 -7"><span class='ocrx_word' id='word_1_53' title='bbox 127 271 177 292; x_wconf 83' lang='lat' dir='ltr'>dum</span> <span class='ocrx_word' id='word_1_54' title='bbox 182 271 342 299; x_wconf 80' lang='lat' dir='ltr'>conglomeratas</span> <span class='ocrx_word' id='word_1_55' title='bbox 346 270 445 294; x_wconf 83' lang='lat' dir='ltr'>habentis,</span> <span class='ocrx_word' id='word_1_56' title='bbox 453 270 533 291; x_wconf 82' lang='lat' dir='ltr'>circinis</span> <span class='ocrx_word' id='word_1_57' title='bbox 539 276 623 298; x_wconf 81' lang='lat' dir='ltr'>utraque</span> <span class='ocrx_word' id='word_1_58' title='bbox 628 275 720 298; x_wconf 84' lang='lat' dir='ltr'>tempora</span> <span class='ocrx_word' id='word_1_59' title='bbox 726 271 818 292; x_wconf 82' lang='lat' dir='ltr'>muliebri</span> <span class='ocrx_word' id='word_1_60' title='bbox 823 271 865 292; x_wconf 87' lang='lat' dir='ltr'>ele-</span> 
     </span>
     <span class='ocr_line' id='line_1_8' title="bbox 155 297 865 327; baseline 0 -8"><span class='ocrx_word' id='word_1_61' title='bbox 155 300 198 320; x_wconf 86' lang='lat' dir='ltr'>ntia</span> <span class='ocrx_word' id='word_1_62' title='bbox 207 299 341 320; x_wconf 82' lang='lat' dir='ltr'>ambientibus</span> <span class='ocrx_word' id='word_1_63' title='bbox 347 312 354 323; x_wconf 87' lang='lat'>‚</span> <span class='ocrx_word' id='word_1_64' title='bbox 361 298 384 320; x_wconf 76' lang='lat' dir='ltr'>iu</span> <span class='ocrx_word' id='word_1_65' title='bbox 393 297 500 326; x_wconf 84' lang='lat' dir='ltr'>posteriori</span> <span class='ocrx_word' id='word_1_66' title='bbox 509 303 576 319; x_wconf 81' lang='lat' dir='ltr'>autem</span> <span class='ocrx_word' id='word_1_67' title='bbox 586 303 643 326; x_wconf 81' lang='lat' dir='ltr'>parte</span> <span class='ocrx_word' id='word_1_68' title='bbox 655 299 732 319; x_wconf 87' lang='lat' dir='ltr'>nummi</span> <span class='ocrx_word' id='word_1_69' title='bbox 741 298 818 327; x_wconf 84' lang='lat' dir='ltr'>effigies</span> <span class='ocrx_word' id='word_1_70' title='bbox 830 298 865 319; x_wconf 86' lang='lat' dir='ltr'>seu</span> 
     </span>
     <span class='ocr_line' id='line_1_9' title="bbox 137 325 865 355; baseline 0 -8"><span class='ocrx_word' id='word_1_71' title='bbox 137 327 203 355; x_wconf 80' lang='lat' dir='ltr'>pecies</span> <span class='ocrx_word' id='word_1_72' title='bbox 212 327 309 348; x_wconf 82' lang='lat' dir='ltr'>currentis</span> <span class='ocrx_word' id='word_1_73' title='bbox 319 326 373 347; x_wconf 76' lang='lat' dir='ltr'>canis</span> <span class='ocrx_word' id='word_1_74' title='bbox 386 325 468 353; x_wconf 76' lang='lat' dir='ltr'>adparet</span> <span class='ocrx_word' id='word_1_75' title='bbox 484 332 531 347; x_wconf 90' lang='lat' dir='ltr'>cum</span> <span class='ocrx_word' id='word_1_76' title='bbox 541 325 671 353; x_wconf 78' lang='lat' dir='ltr'>inscriptione</span> <span class='ocrx_word' id='word_1_77' title='bbox 685 327 700 347; x_wconf 84' lang='grc' dir='ltr'>Ρ</span> <span class='ocrx_word' id='word_1_78' title='bbox 707 326 774 347; x_wconf 88' lang='lat' dir='ltr'>OST</span> <span class='ocrx_word' id='word_1_79' title='bbox 783 327 801 347; x_wconf 93' lang='lat' dir='ltr'>V</span> <span class='ocrx_word' id='word_1_80' title='bbox 807 326 832 347; x_wconf 93' lang='lat' dir='ltr'>M</span> <span class='ocrx_word' id='word_1_81' title='bbox 839 327 865 347; x_wconf 80' lang='lat' dir='ltr'>A.</span> 
     </span>
     <span class='ocr_line' id='line_1_10' title="bbox 127 353 866 382; baseline -0.001 -7"><span class='ocrx_word' id='word_1_82' title='bbox 127 355 168 375; x_wconf 85' lang='lat' dir='ltr'>Sed</span> <span class='ocrx_word' id='word_1_83' title='bbox 179 356 200 375; x_wconf 62' lang='grc' dir='ltr'>ὃ(</span> <span class='ocrx_word' id='word_1_84' title='bbox 210 355 231 375; x_wconf 95' lang='lat' dir='ltr'>in</span> <span class='ocrx_word' id='word_1_85' title='bbox 257 353 361 375; x_wconf 79' lang='lat' dir='ltr'>uibufdam</span> <span class='ocrx_word' id='word_1_86' title='bbox 371 354 458 374; x_wconf 83' lang='lat' dir='ltr'>nummis</span> <span class='ocrx_word' id='word_1_87' title='bbox 465 353 546 374; x_wconf 83' lang='lat' dir='ltr'>vetustis</span> <span class='ocrx_word' id='word_1_88' title='bbox 551 354 648 381; x_wconf 80' lang='lat' dir='ltr'>argenteis</span> <span class='ocrx_word' id='word_1_89' title='bbox 653 353 866 382; x_wconf 78' lang='lat' dir='ltr'>estetiaminscriptio,</span> 
     </span>
     <span class='ocr_line' id='line_1_11' title="bbox 129 381 867 408; baseline 0 -6"><span class='ocrx_word' id='word_1_90' title='bbox 129 382 156 403; x_wconf 90' lang='lat' dir='ltr'>C.</span> <span class='ocrx_word' id='word_1_91' title='bbox 171 382 244 403; x_wconf 87' lang='lat' dir='ltr'>POST</span> <span class='ocrx_word' id='word_1_92' title='bbox 268 382 339 403; x_wconf 88' lang='lat' dir='ltr'>Mlvs</span> <span class='ocrx_word' id='word_1_93' title='bbox 347 396 353 406; x_wconf 87' lang='lat'>,</span> <span class='ocrx_word' id='word_1_94' title='bbox 363 388 409 402; x_wconf 85' lang='lat' dir='ltr'>cum</span> <span class='ocrx_word' id='word_1_95' title='bbox 420 387 468 402; x_wconf 79' lang='lat' dir='ltr'>cane</span> <span class='ocrx_word' id='word_1_96' title='bbox 478 386 569 401; x_wconf 81' lang='lat' dir='ltr'>currente</span> <span class='ocrx_word' id='word_1_97' title='bbox 575 383 594 401; x_wconf 72' lang='grc' dir='ltr'>δε</span> <span class='ocrx_word' id='word_1_98' title='bbox 598 381 680 408; x_wconf 80' lang='lat' dir='ltr'>jaculis:</span> <span class='ocrx_word' id='word_1_99' title='bbox 692 387 714 402; x_wconf 92' lang='lat' dir='ltr'>ut</span> <span class='ocrx_word' id='word_1_100' title='bbox 721 382 798 402; x_wconf 82' lang='lat' dir='ltr'>Pierius</span> <span class='ocrx_word' id='word_1_101' title='bbox 804 381 867 403; x_wconf 72' lang='lat' dir='ltr'>Vale-</span> 
     </span>
     <span class='ocr_line' id='line_1_12' title="bbox 128 408 866 438; baseline -0.004 -8"><span class='ocrx_word' id='word_1_102' title='bbox 128 409 194 430; x_wconf 72' lang='lat' dir='ltr'>rianus</span> <span class='ocrx_word' id='word_1_103' title='bbox 204 409 239 430; x_wconf 85' lang='lat' dir='ltr'>lib.</span> <span class='ocrx_word' id='word_1_104' title='bbox 245 408 450 438; x_wconf 76' lang='lat' dir='ltr'>Hierogbyficorumv.</span> <span class='ocrx_word' id='word_1_105' title='bbox 456 408 529 433; x_wconf 87' lang='lat' dir='ltr'>refert,</span> <span class='ocrx_word' id='word_1_106' title='bbox 538 415 581 436; x_wconf 90' lang='lat' dir='ltr'>quo</span> <span class='ocrx_word' id='word_1_107' title='bbox 590 409 637 429; x_wconf 85' lang='lat' dir='ltr'>loco</span> <span class='ocrx_word' id='word_1_108' title='bbox 642 409 668 429; x_wconf 93' lang='lat' dir='ltr'>de</span> <span class='ocrx_word' id='word_1_109' title='bbox 673 415 722 429; x_wconf 83' lang='lat' dir='ltr'>cane</span> <span class='ocrx_word' id='word_1_110' title='bbox 732 414 802 430; x_wconf 78' lang='lat' dir='ltr'>narrat.</span> <span class='ocrx_word' id='word_1_111' title='bbox 817 409 866 429; x_wconf 89' lang='lat' dir='ltr'>Nu.</span> 
     </span>
     <span class='ocr_line' id='line_1_13' title="bbox 128 435 867 458; baseline -0.001 0"><span class='ocrx_word' id='word_1_112' title='bbox 128 436 198 458; x_wconf 81' lang='lat' dir='ltr'>misrna</span> <span class='ocrx_word' id='word_1_113' title='bbox 203 437 302 458; x_wconf 87' lang='lat' dir='ltr'>autemC.</span> <span class='ocrx_word' id='word_1_114' title='bbox 312 437 410 458; x_wconf 85' lang='lat' dir='ltr'>Postumii</span> <span class='ocrx_word' id='word_1_115' title='bbox 419 443 440 457; x_wconf 88' lang='lat' dir='ltr'>ar</span> <span class='ocrx_word' id='word_1_116' title='bbox 455 441 535 457; x_wconf 85' lang='lat' dir='ltr'>enteum</span> <span class='ocrx_word' id='word_1_117' title='bbox 547 436 572 457; x_wconf 83' lang='lat' dir='ltr'>ad</span> <span class='ocrx_word' id='word_1_118' title='bbox 583 443 614 457; x_wconf 89' lang='lat' dir='ltr'>me</span> <span class='ocrx_word' id='word_1_119' title='bbox 625 435 676 457; x_wconf 84' lang='lat' dir='ltr'>mifit</span> <span class='ocrx_word' id='word_1_120' title='bbox 682 436 712 457; x_wconf 84' lang='lat' dir='ltr'>his</span> <span class='ocrx_word' id='word_1_121' title='bbox 719 436 790 457; x_wconf 81' lang='lat' dir='ltr'>diebus</span> <span class='ocrx_word' id='word_1_122' title='bbox 796 437 867 457; x_wconf 76' lang='lat' dir='ltr'>Parma</span> 
     </span>
     <span class='ocr_line' id='line_1_14' title="bbox 128 463 867 488; baseline 0 -4"><span class='ocrx_word' id='word_1_123' title='bbox 128 464 251 486; x_wconf 75' lang='lat' dir='ltr'>Placentiam</span> <span class='ocrx_word' id='word_1_124' title='bbox 263 465 350 486; x_wconf 83' lang='lat' dir='ltr'>Annibal</span> <span class='ocrx_word' id='word_1_125' title='bbox 354 464 419 485; x_wconf 76' lang='lat' dir='ltr'>Carus</span> <span class='ocrx_word' id='word_1_126' title='bbox 425 464 436 485; x_wconf 67' lang='lat' dir='ltr'>i</span> <span class='ocrx_word' id='word_1_127' title='bbox 450 464 520 484; x_wconf 82' lang='lat' dir='ltr'>ecretis</span> <span class='ocrx_word' id='word_1_128' title='bbox 526 463 587 484; x_wconf 85' lang='lat' dir='ltr'>nostri</span> <span class='ocrx_word' id='word_1_129' title='bbox 592 464 654 484; x_wconf 82' lang='lat' dir='ltr'>Ducis</span> <span class='ocrx_word' id='word_1_130' title='bbox 660 478 667 488; x_wconf 87' lang='lat'><em>‚</em></span> <span class='ocrx_word' id='word_1_131' title='bbox 673 464 704 485; x_wconf 87' lang='lat' dir='ltr'>vir</span> <span class='ocrx_word' id='word_1_132' title='bbox 710 464 823 485; x_wconf 86' lang='lat' dir='ltr'>mehercule</span> <span class='ocrx_word' id='word_1_133' title='bbox 828 464 867 485; x_wconf 86' lang='lat' dir='ltr'>hac</span> 
     </span>
     <span class='ocr_line' id='line_1_15' title="bbox 129 491 868 519; baseline -0.001 -6"><span class='ocrx_word' id='word_1_134' title='bbox 129 492 247 519; x_wconf 83' lang='lat' dir='ltr'>tempestate</span> <span class='ocrx_word' id='word_1_135' title='bbox 256 491 379 513; x_wconf 81' lang='lat' dir='ltr'>admirabilis</span> <span class='ocrx_word' id='word_1_136' title='bbox 387 506 393 516; x_wconf 88' lang='lat'><em>‚</em></span> <span class='ocrx_word' id='word_1_137' title='bbox 403 493 423 512; x_wconf 83' lang='lat'>&amp;</span> <span class='ocrx_word' id='word_1_138' title='bbox 433 492 461 512; x_wconf 87' lang='lat' dir='ltr'>rei</span> <span class='ocrx_word' id='word_1_139' title='bbox 466 492 582 519; x_wconf 81' lang='lat' dir='ltr'>antiquariae</span> <span class='ocrx_word' id='word_1_140' title='bbox 593 491 681 512; x_wconf 86' lang='lat' dir='ltr'>summus</span> <span class='ocrx_word' id='word_1_141' title='bbox 688 492 784 519; x_wconf 70' lang='lat' dir='ltr'>interpre‘s</span> <span class='ocrx_word' id='word_1_142' title='bbox 792 505 799 516; x_wconf 91' lang='lat'><em>‚</em></span> <span class='ocrx_word' id='word_1_143' title='bbox 810 493 868 518; x_wconf 85' lang='lat' dir='ltr'>cujus</span> 
     </span>
     <span class='ocr_line' id='line_1_16' title="bbox 129 519 868 547; baseline -0.001 -7"><span class='ocrx_word' id='word_1_144' title='bbox 129 525 155 540; x_wconf 88' lang='lat' dir='ltr'>ex</span> <span class='ocrx_word' id='word_1_145' title='bbox 165 526 204 540; x_wconf 76' lang='lat' dir='ltr'>una</span> <span class='ocrx_word' id='word_1_146' title='bbox 212 525 268 547; x_wconf 74' lang='lat' dir='ltr'>parte</span> <span class='ocrx_word' id='word_1_147' title='bbox 279 520 314 547; x_wconf 87' lang='lat' dir='ltr'>(ut</span> <span class='ocrx_word' id='word_1_148' title='bbox 324 520 465 547; x_wconf 80' lang='lat' dir='ltr'>interpretatur</span> <span class='ocrx_word' id='word_1_149' title='bbox 476 519 532 546; x_wconf 87' lang='lat' dir='ltr'>ipse)</span> <span class='ocrx_word' id='word_1_150' title='bbox 542 524 598 540; x_wconf 79' lang='lat' dir='ltr'>extat</span> <span class='ocrx_word' id='word_1_151' title='bbox 604 519 672 539; x_wconf 71' lang='lat' dir='ltr'>Dianae</span> <span class='ocrx_word' id='word_1_152' title='bbox 678 520 746 546; x_wconf 81' lang='lat' dir='ltr'>imago</span> <span class='ocrx_word' id='word_1_153' title='bbox 752 533 759 543; x_wconf 92' lang='lat'><em>,</em></span> <span class='ocrx_word' id='word_1_154' title='bbox 769 520 797 539; x_wconf 87' lang='lat' dir='ltr'>ex&#39;</span> <span class='ocrx_word' id='word_1_155' title='bbox 805 519 868 540; x_wconf 77' lang='lat' dir='ltr'>altera</span> 
     </span>
     <span class='ocr_line' id='line_1_17' title="bbox 129 546 869 573; baseline 0 -6"><span class='ocrx_word' id='word_1_156' title='bbox 129 547 184 567; x_wconf 85' lang='lat' dir='ltr'>canis</span> <span class='ocrx_word' id='word_1_157' title='bbox 190 548 292 568; x_wconf 85' lang='lat' dir='ltr'>venaticus</span> <span class='ocrx_word' id='word_1_158' title='bbox 297 547 473 568; x_wconf 82' lang='lat' dir='ltr'>infimilitudinem</span> <span class='ocrx_word' id='word_1_159' title='bbox 478 547 587 571; x_wconf 84' lang='lat' dir='ltr'>currentis,</span> <span class='ocrx_word' id='word_1_160' title='bbox 597 553 643 567; x_wconf 91' lang='lat' dir='ltr'>cum</span> <span class='ocrx_word' id='word_1_161' title='bbox 653 546 753 568; x_wconf 81' lang='lat' dir='ltr'>venabulo</span> <span class='ocrx_word' id='word_1_162' title='bbox 763 547 793 567; x_wconf 88' lang='lat' dir='ltr'>ibi</span> <span class='ocrx_word' id='word_1_163' title='bbox 799 547 869 573; x_wconf 81' lang='lat' dir='ltr'>jacen-</span> 
     </span>
     <span class='ocr_line' id='line_1_18' title="bbox 130 574 874 604; baseline 0.001 -10"><span class='ocrx_word' id='word_1_164' title='bbox 130 579 163 599; x_wconf 91' lang='lat' dir='ltr'>te,</span> <span class='ocrx_word' id='word_1_165' title='bbox 173 574 235 595; x_wconf 72' lang='lat' dir='ltr'>litei-z</span> <span class='ocrx_word' id='word_1_166' title='bbox 245 575 272 596; x_wconf 90' lang='lat' dir='ltr'>C.</span> <span class='ocrx_word' id='word_1_167' title='bbox 283 575 456 600; x_wconf 66' lang='lat' dir='ltr'>POSTVMLut</span> <span class='ocrx_word' id='word_1_168' title='bbox 465 575 539 595; x_wconf 78' lang='lat' dir='ltr'>etiami</span> <span class='ocrx_word' id='word_1_169' title='bbox 556 574 574 595; x_wconf 88' lang='lat' dir='ltr'>se</span> <span class='ocrx_word' id='word_1_170' title='bbox 579 575 644 595; x_wconf 81' lang='lat' dir='ltr'>Carus</span> <span class='ocrx_word' id='word_1_171' title='bbox 655 574 712 595; x_wconf 78' lang='lat' dir='ltr'>mulis</span> <span class='ocrx_word' id='word_1_172' title='bbox 723 574 831 595; x_wconf 87' lang='lat' dir='ltr'>cariffirnus</span> <span class='ocrx_word' id='word_1_173' title='bbox 840 574 874 604; x_wconf 29' lang='lat' dir='ltr'>ad.)</span> 
     </span>
     <span class='ocr_line' id='line_1_19' title="bbox 130 602 870 630; baseline -0.001 -7"><span class='ocrx_word' id='word_1_174' title='bbox 130 608 164 623; x_wconf 84' lang='lat' dir='ltr'>rue</span> <span class='ocrx_word' id='word_1_175' title='bbox 174 602 233 622; x_wconf 85' lang='lat' dir='ltr'>rniffis</span> <span class='ocrx_word' id='word_1_176' title='bbox 247 602 309 623; x_wconf 81' lang='lat' dir='ltr'>literis</span> <span class='ocrx_word' id='word_1_177' title='bbox 319 602 446 630; x_wconf 68' lang='lat' dir='ltr'>significavit.</span> <span class='ocrx_word' id='word_1_178' title='bbox 469 602 526 623; x_wconf 82' lang='lat' dir='ltr'>Nam</span> <span class='ocrx_word' id='word_1_179' title='bbox 547 610 558 622; x_wconf 85' lang='lat' dir='ltr'>e</span> <span class='ocrx_word' id='word_1_180' title='bbox 567 602 673 623; x_wconf 86' lang='lat' dir='ltr'>contuliss&#39;e</span> <span class='ocrx_word' id='word_1_181' title='bbox 683 602 751 623; x_wconf 77' lang='lat' dir='ltr'>retulit</span> <span class='ocrx_word' id='word_1_182' title='bbox 761 602 812 623; x_wconf 88' lang='lat' dir='ltr'>mihi</span> <span class='ocrx_word' id='word_1_183' title='bbox 821 608 870 623; x_wconf 80' lang='lat' dir='ltr'>cum,</span> 
     </span>
     <span class='ocr_line' id='line_1_20' title="bbox 130 629 869 658; baseline 0 -8"><span class='ocrx_word' id='word_1_184' title='bbox 130 629 209 650; x_wconf 85' lang='lat' dir='ltr'>Hieron</span> <span class='ocrx_word' id='word_1_185' title='bbox 226 630 254 650; x_wconf 91' lang='lat' dir='ltr'>mi</span> <span class='ocrx_word' id='word_1_186' title='bbox 261 629 385 658; x_wconf 85' lang='lat' dir='ltr'>Tagliaferri</span> <span class='ocrx_word' id='word_1_187' title='bbox 395 630 434 651; x_wconf 89' lang='lat' dir='ltr'>viri</span> <span class='ocrx_word' id='word_1_188' title='bbox 444 630 464 650; x_wconf 93' lang='lat' dir='ltr'>in</span> <span class='ocrx_word' id='word_1_189' title='bbox 476 630 538 650; x_wconf 85' lang='lat' dir='ltr'>literis</span> <span class='ocrx_word' id='word_1_190' title='bbox 549 630 668 654; x_wconf 89' lang='lat' dir='ltr'>eminentis,</span> <span class='ocrx_word' id='word_1_191' title='bbox 683 629 802 650; x_wconf 80' lang='lat' dir='ltr'>numismate</span> <span class='ocrx_word' id='word_1_192' title='bbox 811 629 869 650; x_wconf 80' lang='lat' dir='ltr'>suurn</span> 
     </span>
     <span class='ocr_line' id='line_1_21' title="bbox 130 657 868 679; baseline 0 -1"><span class='ocrx_word' id='word_1_193' title='bbox 130 657 170 679; x_wconf 75' lang='lat' dir='ltr'>cai</span> <span class='ocrx_word' id='word_1_194' title='bbox 179 658 210 678; x_wconf 86' lang='lat' dir='ltr'>Po</span> <span class='ocrx_word' id='word_1_195' title='bbox 242 657 306 679; x_wconf 86' lang='lat' dir='ltr'>mii&amp;</span> <span class='ocrx_word' id='word_1_196' title='bbox 321 664 367 679; x_wconf 87' lang='lat' dir='ltr'>curn</span> <span class='ocrx_word' id='word_1_197' title='bbox 381 657 453 678; x_wconf 85' lang='lat' dir='ltr'>eodem</span> <span class='ocrx_word' id='word_1_198' title='bbox 467 657 525 678; x_wconf 73' lang='lat' dir='ltr'>iii-nul</span> <span class='ocrx_word' id='word_1_199' title='bbox 537 657 648 679; x_wconf 78' lang='lat' dir='ltr'>Athalarici</span> <span class='ocrx_word' id='word_1_200' title='bbox 662 657 693 678; x_wconf 83' lang='lat' dir='ltr'>Re</span> <span class='ocrx_word' id='word_1_201' title='bbox 709 658 724 678; x_wconf 90' lang='lat' dir='ltr'>is</span> <span class='ocrx_word' id='word_1_202' title='bbox 739 657 868 678; x_wconf 85' lang='lat' dir='ltr'>Gotthorum</span> 
     </span>
     <span class='ocr_line' id='line_1_22' title="bbox 131 685 868 713; baseline 0 -7"><span class='ocrx_word' id='word_1_203' title='bbox 131 691 244 706; x_wconf 83' lang='lat' dir='ltr'>nummum.</span> <span class='ocrx_word' id='word_1_204' title='bbox 258 685 298 706; x_wconf 89' lang='lat' dir='ltr'>Sed</span> <span class='ocrx_word' id='word_1_205' title='bbox 304 690 326 706; x_wconf 83' lang='lat' dir='ltr'>ut</span> <span class='ocrx_word' id='word_1_206' title='bbox 331 692 371 713; x_wconf 83' lang='lat' dir='ltr'>ego</span> <span class='ocrx_word' id='word_1_207' title='bbox 380 699 386 709; x_wconf 88' lang='lat'>‚</span> <span class='ocrx_word' id='word_1_208' title='bbox 411 692 441 706; x_wconf 78' lang='lat' dir='ltr'>uae</span> <span class='ocrx_word' id='word_1_209' title='bbox 446 685 472 706; x_wconf 91' lang='lat' dir='ltr'>de</span> <span class='ocrx_word' id='word_1_210' title='bbox 478 685 625 706; x_wconf 61' lang='lat' dir='ltr'>Postumaaiias</span> <span class='ocrx_word' id='word_1_211' title='bbox 631 685 671 713; x_wconf 85' lang='lat' dir='ltr'>legi</span> <span class='ocrx_word' id='word_1_212' title='bbox 678 699 685 710; x_wconf 96' lang='lat'><em>,</em></span> <span class='ocrx_word' id='word_1_213' title='bbox 710 685 730 706; x_wconf 80' lang='lat' dir='ltr'>ic</span> <span class='ocrx_word' id='word_1_214' title='bbox 736 685 836 709; x_wconf 82' lang='lat' dir='ltr'>afferrem,</span> <span class='ocrx_word' id='word_1_215' title='bbox 846 686 868 706; x_wconf 76' lang='grc' dir='ltr'>δε</span> 
     </span>
     <span class='ocr_line' id='line_1_23' title="bbox 129 712 870 737; baseline 0 -4"><span class='ocrx_word' id='word_1_216' title='bbox 129 712 156 733; x_wconf 84' lang='lat' dir='ltr'>de</span> <span class='ocrx_word' id='word_1_217' title='bbox 164 719 212 733; x_wconf 83' lang='lat' dir='ltr'>cane</span> <span class='ocrx_word' id='word_1_218' title='bbox 217 713 251 734; x_wconf 82' lang='lat' dir='ltr'>hic</span> <span class='ocrx_word' id='word_1_219' title='bbox 255 712 324 734; x_wconf 63' lang='lat' dir='ltr'>effiEto</span> <span class='ocrx_word' id='word_1_220' title='bbox 330 720 398 734; x_wconf 89' lang='lat' dir='ltr'>nonnu</span> <span class='ocrx_word' id='word_1_221' title='bbox 408 713 427 733; x_wconf 88' lang='lat' dir='ltr'>la</span> <span class='ocrx_word' id='word_1_222' title='bbox 431 713 498 733; x_wconf 80' lang='lat' dir='ltr'>dicam</span> <span class='ocrx_word' id='word_1_223' title='bbox 504 726 510 737; x_wconf 88' lang='lat'>‚</span> <span class='ocrx_word' id='word_1_224' title='bbox 525 715 545 733; x_wconf 60' lang='grc' dir='ltr'>ὃς</span> <span class='ocrx_word' id='word_1_225' title='bbox 552 713 566 733; x_wconf 87' lang='lat' dir='ltr'>fi</span> <span class='ocrx_word' id='word_1_226' title='bbox 572 719 612 733; x_wconf 89' lang='lat' dir='ltr'>non</span> <span class='ocrx_word' id='word_1_227' title='bbox 618 713 643 733; x_wconf 91' lang='lat' dir='ltr'>ad</span> <span class='ocrx_word' id='word_1_228' title='bbox 651 713 755 734; x_wconf 87' lang='lat' dir='ltr'>veritatem</span> <span class='ocrx_word' id='word_1_229' title='bbox 761 712 870 733; x_wconf 84' lang='lat' dir='ltr'>numisma-</span> 
     </span>
     <span class='ocr_line' id='line_1_24' title="bbox 130 740 869 767; baseline 0 -7"><span class='ocrx_word' id='word_1_230' title='bbox 130 740 158 760; x_wconf 72' lang='lat' dir='ltr'>tis</span> <span class='ocrx_word' id='word_1_231' title='bbox 164 740 222 767; x_wconf 77' lang='lat' dir='ltr'>hujus</span> <span class='ocrx_word' id='word_1_232' title='bbox 228 754 235 763; x_wconf 91' lang='lat'><em>,</em></span> <span class='ocrx_word' id='word_1_233' title='bbox 244 747 269 760; x_wconf 82' lang='lat' dir='ltr'>ne</span> <span class='ocrx_word' id='word_1_234' title='bbox 276 741 363 766; x_wconf 85' lang='lat' dir='ltr'>priorem</span> <span class='ocrx_word' id='word_1_235' title='bbox 369 740 458 760; x_wconf 83' lang='lat' dir='ltr'>laborem</span> <span class='ocrx_word' id='word_1_236' title='bbox 464 740 475 759; x_wconf 70' lang='lat' dir='ltr'>a</span> <span class='ocrx_word' id='word_1_237' title='bbox 483 746 514 759; x_wconf 87' lang='lat' dir='ltr'>me</span> <span class='ocrx_word' id='word_1_238' title='bbox 521 741 564 766; x_wconf 86' lang='lat' dir='ltr'>jam</span> <span class='ocrx_word' id='word_1_239' title='bbox 570 740 683 767; x_wconf 84' lang='lat' dir='ltr'>susceptum</span> <span class='ocrx_word' id='word_1_240' title='bbox 690 740 773 766; x_wconf 79' lang='lat' dir='ltr'>perdam</span> <span class='ocrx_word' id='word_1_241' title='bbox 780 753 787 764; x_wconf 90' lang='lat'><em>,</em></span> <span class='ocrx_word' id='word_1_242' title='bbox 797 740 869 760; x_wconf 86' lang='lat' dir='ltr'>admo-</span> 
     </span>
     <span class='ocr_line' id='line_1_25' title="bbox 130 766 868 794; baseline 0 -7"><span class='ocrx_word' id='word_1_243' title='bbox 130 773 179 787; x_wconf 81' lang='lat' dir='ltr'>nens</span> <span class='ocrx_word' id='word_1_244' title='bbox 184 766 263 787; x_wconf 82' lang='lat' dir='ltr'>interim</span> <span class='ocrx_word' id='word_1_245' title='bbox 270 766 364 787; x_wconf 71' lang='lat' dir='ltr'>lectorem</span> <span class='ocrx_word' id='word_1_246' title='bbox 371 773 402 787; x_wconf 82' lang='lat' dir='ltr'>me</span> <span class='ocrx_word' id='word_1_247' title='bbox 413 773 453 787; x_wconf 88' lang='lat' dir='ltr'>non</span> <span class='ocrx_word' id='word_1_248' title='bbox 460 773 531 794; x_wconf 82' lang='lat' dir='ltr'>negare</span> <span class='ocrx_word' id='word_1_249' title='bbox 537 766 577 787; x_wconf 88' lang='lat' dir='ltr'>hoc</span> <span class='ocrx_word' id='word_1_250' title='bbox 583 767 680 788; x_wconf 83' lang='lat' dir='ltr'>numisma</span> <span class='ocrx_word' id='word_1_251' title='bbox 684 766 722 787; x_wconf 80' lang='lat' dir='ltr'>effe</span> <span class='ocrx_word' id='word_1_252' title='bbox 728 768 753 788; x_wconf 91' lang='lat' dir='ltr'>C.</span> <span class='ocrx_word' id='word_1_253' title='bbox 760 766 868 791; x_wconf 84' lang='lat' dir='ltr'>Postumii,</span> 
     </span>
     <span class='ocr_line' id='line_1_26' title="bbox 132 794 870 822; baseline 0.001 -8"><span class='ocrx_word' id='word_1_254' title='bbox 132 795 153 815; x_wconf 86' lang='lat'>&amp;</span> <span class='ocrx_word' id='word_1_255' title='bbox 160 794 242 818; x_wconf 78' lang='lat' dir='ltr'>Dianae,</span> <span class='ocrx_word' id='word_1_256' title='bbox 253 801 299 822; x_wconf 79' lang='lat' dir='ltr'>quae</span> <span class='ocrx_word' id='word_1_257' title='bbox 309 794 329 814; x_wconf 90' lang='lat' dir='ltr'>in</span> <span class='ocrx_word' id='word_1_258' title='bbox 339 794 416 815; x_wconf 89' lang='lat' dir='ltr'>nummi</span> <span class='ocrx_word' id='word_1_259' title='bbox 441 794 532 815; x_wconf 83' lang='lat' dir='ltr'>osteriori</span> <span class='ocrx_word' id='word_1_260' title='bbox 542 799 598 822; x_wconf 85' lang='lat' dir='ltr'>parte</span> <span class='ocrx_word' id='word_1_261' title='bbox 610 794 643 815; x_wconf 78' lang='lat' dir='ltr'>lit:</span> <span class='ocrx_word' id='word_1_262' title='bbox 654 795 698 815; x_wconf 87' lang='lat' dir='ltr'>imo</span> <span class='ocrx_word' id='word_1_263' title='bbox 707 801 732 815; x_wconf 86' lang='lat' dir='ltr'>ex</span> <span class='ocrx_word' id='word_1_264' title='bbox 738 795 789 816; x_wconf 78' lang='lat' dir='ltr'>Pier.</span> <span class='ocrx_word' id='word_1_265' title='bbox 796 794 870 816; x_wconf 56' lang='lat' dir='ltr'>Vah&amp;</span> 
     </span>
     <span class='ocr_line' id='line_1_27' title="bbox 131 821 867 850; baseline 0.001 -8"><span class='ocrx_word' id='word_1_266' title='bbox 131 821 236 843; x_wconf 78' lang='lat' dir='ltr'>Annibalis</span> <span class='ocrx_word' id='word_1_267' title='bbox 243 822 293 843; x_wconf 82' lang='lat' dir='ltr'>Cari</span> <span class='ocrx_word' id='word_1_268' title='bbox 305 822 401 842; x_wconf 85' lang='lat' dir='ltr'>sententia</span> <span class='ocrx_word' id='word_1_269' title='bbox 411 822 417 842; x_wconf 83' lang='lat' dir='ltr'>i</span> <span class='ocrx_word' id='word_1_270' title='bbox 433 828 464 842; x_wconf 89' lang='lat' dir='ltr'>em</span> <span class='ocrx_word' id='word_1_271' title='bbox 471 822 561 849; x_wconf 84' lang='lat' dir='ltr'>probare.</span> <span class='ocrx_word' id='word_1_272' title='bbox 576 822 809 850; x_wconf 76' lang='lat' dir='ltr'>Haecigiturl&#39;ostuma,</span> <span class='ocrx_word' id='word_1_273' title='bbox 820 829 867 850; x_wconf 78' lang='lat' dir='ltr'>quae</span> 
     </span>
     <span class='ocr_line' id='line_1_28' title="bbox 132 849 869 877; baseline 0 -7"><span class='ocrx_word' id='word_1_274' title='bbox 132 849 158 870; x_wconf 84' lang='lat' dir='ltr'>fic</span> <span class='ocrx_word' id='word_1_275' title='bbox 170 850 191 870; x_wconf 88' lang='lat' dir='ltr'>in</span> <span class='ocrx_word' id='word_1_276' title='bbox 202 849 320 870; x_wconf 78' lang='lat' dir='ltr'>numismate</span> <span class='ocrx_word' id='word_1_277' title='bbox 333 849 399 870; x_wconf 60' lang='lat' dir='ltr'>efficia</span> <span class='ocrx_word' id='word_1_278' title='bbox 411 849 440 870; x_wconf 85' lang='lat' dir='ltr'>est</span> <span class='ocrx_word' id='word_1_279' title='bbox 447 863 454 874; x_wconf 96' lang='lat'><em>‚</em></span> <span class='ocrx_word' id='word_1_280' title='bbox 465 849 580 870; x_wconf 85' lang='lat' dir='ltr'>Constantii</span> <span class='ocrx_word' id='word_1_281' title='bbox 589 849 673 870; x_wconf 77' lang='lat' dir='ltr'>Caesaris</span> <span class='ocrx_word' id='word_1_282' title='bbox 684 851 705 870; x_wconf 69' lang='grc' dir='ltr'>ὃς</span> <span class='ocrx_word' id='word_1_283' title='bbox 715 849 813 871; x_wconf 66' lang='lat' dir='ltr'>Faustinae</span> <span class='ocrx_word' id='word_1_284' title='bbox 826 851 869 877; x_wconf 73' lang='lat' dir='ltr'>ejus</span> 
     </span>
     <span class='ocr_line' id='line_1_29' title="bbox 131 876 868 905; baseline 0.003 -9"><span class='ocrx_word' id='word_1_285' title='bbox 131 877 200 897; x_wconf 84' lang='lat' dir='ltr'>uxoris</span> <span class='ocrx_word' id='word_1_286' title='bbox 205 877 294 898; x_wconf 77' lang='lat' dir='ltr'>secundae</span> <span class='ocrx_word' id='word_1_287' title='bbox 299 876 339 898; x_wconf 85' lang='lat' dir='ltr'>fuit</span> <span class='ocrx_word' id='word_1_288' title='bbox 345 876 387 898; x_wconf 88' lang='lat' dir='ltr'>filia</span> <span class='ocrx_word' id='word_1_289' title='bbox 392 891 398 901; x_wconf 83' lang='lat'>‚</span> <span class='ocrx_word' id='word_1_290' title='bbox 407 878 449 905; x_wconf 81' lang='lat' dir='ltr'>ejus</span> <span class='ocrx_word' id='word_1_291' title='bbox 454 877 528 904; x_wconf 71' lang='lat' dir='ltr'>nempe</span> <span class='ocrx_word' id='word_1_292' title='bbox 534 876 576 898; x_wconf 87' lang='lat' dir='ltr'>filia</span> <span class='ocrx_word' id='word_1_293' title='bbox 581 877 695 898; x_wconf 80' lang='lat' dir='ltr'>Constantii</span> <span class='ocrx_word' id='word_1_294' title='bbox 703 891 710 902; x_wconf 88' lang='lat'>‚</span> <span class='ocrx_word' id='word_1_295' title='bbox 720 878 757 905; x_wconf 90' lang='lat' dir='ltr'>qui</span> <span class='ocrx_word' id='word_1_296' title='bbox 763 877 803 898; x_wconf 86' lang='lat' dir='ltr'>fuit</span> <span class='ocrx_word' id='word_1_297' title='bbox 809 877 868 898; x_wconf 84' lang='lat' dir='ltr'>Con-</span> 
     </span>
     <span class='ocr_line' id='line_1_30' title="bbox 132 904 870 933; baseline 0.001 -9"><span class='ocrx_word' id='word_1_298' title='bbox 132 904 359 932; x_wconf 78' lang='lat' dir='ltr'>stantinimagnifilius,</span> <span class='ocrx_word' id='word_1_299' title='bbox 368 905 428 926; x_wconf 85' lang='lat' dir='ltr'>cuiin</span> <span class='ocrx_word' id='word_1_300' title='bbox 435 904 532 925; x_wconf 83' lang='lat' dir='ltr'>divifione</span> <span class='ocrx_word' id='word_1_301' title='bbox 538 905 617 933; x_wconf 84' lang='lat' dir='ltr'>imperii</span> <span class='ocrx_word' id='word_1_302' title='bbox 627 906 678 925; x_wconf 88' lang='lat' dir='ltr'>inter</span> <span class='ocrx_word' id='word_1_303' title='bbox 688 905 758 926; x_wconf 82' lang='lat' dir='ltr'>fratres</span> <span class='ocrx_word' id='word_1_304' title='bbox 769 904 870 925; x_wconf 81' lang='lat' dir='ltr'>Constan-</span> 
     </span>
     <span class='ocr_line' id='line_1_31' title="bbox 132 931 869 961; baseline 0.001 -9"><span class='ocrx_word' id='word_1_305' title='bbox 132 932 198 952; x_wconf 85' lang='lat' dir='ltr'>tinurn</span> <span class='ocrx_word' id='word_1_306' title='bbox 204 933 223 952; x_wconf 76' lang='grc' dir='ltr'>δε</span> <span class='ocrx_word' id='word_1_307' title='bbox 230 931 361 953; x_wconf 82' lang='lat' dir='ltr'>Constantem</span> <span class='ocrx_word' id='word_1_308' title='bbox 367 933 443 961; x_wconf 82' lang='lat' dir='ltr'>obtigit</span> <span class='ocrx_word' id='word_1_309' title='bbox 448 932 521 953; x_wconf 89' lang='lat' dir='ltr'>Oriens</span> <span class='ocrx_word' id='word_1_310' title='bbox 527 947 533 956; x_wconf 87' lang='lat'><em>,</em></span> <span class='ocrx_word' id='word_1_311' title='bbox 544 933 593 953; x_wconf 89' lang='lat' dir='ltr'>hanc</span> <span class='ocrx_word' id='word_1_312' title='bbox 601 933 645 960; x_wconf 87' lang='lat' dir='ltr'>post</span> <span class='ocrx_word' id='word_1_313' title='bbox 651 932 669 953; x_wconf 90' lang='lat' dir='ltr'>se</span> <span class='ocrx_word' id='word_1_314' title='bbox 675 932 757 960; x_wconf 85' lang='lat' dir='ltr'>reliquit</span> <span class='ocrx_word' id='word_1_315' title='bbox 767 932 869 953; x_wconf 75' lang='lat' dir='ltr'>Constan-</span> 
     </span>
     <span class='ocr_line' id='line_1_32' title="bbox 133 959 871 988; baseline 0.001 -9"><span class='ocrx_word' id='word_1_316' title='bbox 133 959 172 979; x_wconf 83' lang='lat' dir='ltr'>tius</span> <span class='ocrx_word' id='word_1_317' title='bbox 179 960 241 983; x_wconf 65' lang='lat' dir='ltr'>‚efim</span> <span class='ocrx_word' id='word_1_318' title='bbox 250 959 317 980; x_wconf 85' lang='lat' dir='ltr'>adhuc</span> <span class='ocrx_word' id='word_1_319' title='bbox 339 965 458 988; x_wconf 77' lang='lat' dir='ltr'>raegnantem</span> <span class='ocrx_word' id='word_1_320' title='bbox 468 959 583 981; x_wconf 84' lang='lat' dir='ltr'>Faustinam</span> <span class='ocrx_word' id='word_1_321' title='bbox 594 960 703 988; x_wconf 82' lang='lat' dir='ltr'>reliquiffet</span> <span class='ocrx_word' id='word_1_322' title='bbox 714 959 806 980; x_wconf 83' lang='lat' dir='ltr'>moriens.</span> <span class='ocrx_word' id='word_1_323' title='bbox 820 959 871 980; x_wconf 73' lang='lat' dir='ltr'>Ideo</span> 
     </span>
     <span class='ocr_line' id='line_1_33' title="bbox 133 986 869 1015; baseline 0.001 -8"><span class='ocrx_word' id='word_1_324' title='bbox 133 986 188 1007; x_wconf 75' lang='lat' dir='ltr'>forte</span> <span class='ocrx_word' id='word_1_325' title='bbox 193 987 231 1008; x_wconf 84' lang='lat' dir='ltr'>hoc</span> <span class='ocrx_word' id='word_1_326' title='bbox 237 994 311 1008; x_wconf 87' lang='lat' dir='ltr'>nomen</span> <span class='ocrx_word' id='word_1_327' title='bbox 324 988 385 1008; x_wconf 82' lang='lat' dir='ltr'>ortita</span> <span class='ocrx_word' id='word_1_328' title='bbox 391 987 430 1008; x_wconf 86' lang='lat' dir='ltr'>fuit</span> <span class='ocrx_word' id='word_1_329' title='bbox 436 987 530 1008; x_wconf 81' lang='lat' dir='ltr'>Postuma</span> <span class='ocrx_word' id='word_1_330' title='bbox 536 988 560 1008; x_wconf 78' lang='lat' dir='ltr'>ab</span> <span class='ocrx_word' id='word_1_331' title='bbox 565 988 669 1009; x_wconf 85' lang='lat' dir='ltr'>accidente</span> <span class='ocrx_word' id='word_1_332' title='bbox 675 1001 681 1011; x_wconf 92' lang='lat'>,</span> <span class='ocrx_word' id='word_1_333' title='bbox 691 987 748 1015; x_wconf 72' lang='lat' dir='ltr'>quod</span> <span class='ocrx_word' id='word_1_334' title='bbox 759 987 804 1015; x_wconf 82' lang='lat' dir='ltr'>post</span> <span class='ocrx_word' id='word_1_335' title='bbox 815 994 869 1008; x_wconf 87' lang='lat' dir='ltr'>mor-</span> 
     </span>
     <span class='ocr_line' id='line_1_34' title="bbox 121 1014 870 1043; baseline 0.001 -9"><span class='ocrx_word' id='word_1_336' title='bbox 121 1019 174 1043; x_wconf 56' lang='grc' dir='ltr'>ν[ειη</span> <span class='ocrx_word' id='word_1_337' title='bbox 184 1015 299 1036; x_wconf 77' lang='lat' dir='ltr'>Constantii</span> <span class='ocrx_word' id='word_1_338' title='bbox 309 1015 371 1043; x_wconf 74' lang='lat' dir='ltr'>patris</span> <span class='ocrx_word' id='word_1_339' title='bbox 381 1014 502 1036; x_wconf 65' lang='lat' dir='ltr'>ortasfuisset</span> <span class='ocrx_word' id='word_1_340' title='bbox 512 1029 518 1039; x_wconf 88' lang='lat'>,</span> <span class='ocrx_word' id='word_1_341' title='bbox 534 1015 576 1036; x_wconf 76' lang='lat' dir='ltr'>haec</span> <span class='ocrx_word' id='word_1_342' title='bbox 587 1017 633 1036; x_wconf 73' lang='lat' dir='ltr'>ciim</span> <span class='ocrx_word' id='word_1_343' title='bbox 644 1015 761 1036; x_wconf 78' lang='lat' dir='ltr'>adoleviffet</span> <span class='ocrx_word' id='word_1_344' title='bbox 771 1015 870 1035; x_wconf 78' lang='lat' dir='ltr'>Gratiano</span> 
     </span>
     <span class='ocr_line' id='line_1_35' title="bbox 131 1042 870 1070; baseline 0 -7"><span class='ocrx_word' id='word_1_345' title='bbox 131 1042 251 1070; x_wconf 85' lang='lat' dir='ltr'>Imperatori</span> <span class='ocrx_word' id='word_1_346' title='bbox 254 1044 299 1070; x_wconf 88' lang='lat' dir='ltr'>jure</span> <span class='ocrx_word' id='word_1_347' title='bbox 304 1043 427 1063; x_wconf 75' lang='lat' dir='ltr'>matrimonii</span> <span class='ocrx_word' id='word_1_348' title='bbox 433 1042 529 1070; x_wconf 81' lang='lat' dir='ltr'>copulata</span> <span class='ocrx_word' id='word_1_349' title='bbox 538 1042 584 1063; x_wconf 81' lang='lat' dir='ltr'>fuit.</span> <span class='ocrx_word' id='word_1_350' title='bbox 598 1043 642 1069; x_wconf 76' lang='lat' dir='ltr'>Qui</span> <span class='ocrx_word' id='word_1_351' title='bbox 648 1043 754 1064; x_wconf 81' lang='lat' dir='ltr'>Gratianus</span> <span class='ocrx_word' id='word_1_352' title='bbox 762 1049 788 1063; x_wconf 86' lang='lat' dir='ltr'>ex</span> <span class='ocrx_word' id='word_1_353' title='bbox 795 1042 870 1063; x_wconf 84' lang='lat' dir='ltr'>Valen-</span> 
     </span>
     <span class='ocr_line' id='line_1_36' title="bbox 132 1069 869 1098; baseline 0 -8"><span class='ocrx_word' id='word_1_354' title='bbox 132 1070 223 1095; x_wconf 76' lang='lat' dir='ltr'>tiniano,</span> <span class='ocrx_word' id='word_1_355' title='bbox 231 1072 251 1091; x_wconf 68' lang='grc' dir='ltr'>ὃς</span> <span class='ocrx_word' id='word_1_356' title='bbox 257 1071 329 1091; x_wconf 85' lang='lat' dir='ltr'>Severa</span> <span class='ocrx_word' id='word_1_357' title='bbox 339 1070 473 1098; x_wconf 77' lang='lat' dir='ltr'>matreSyrmi</span> <span class='ocrx_word' id='word_1_358' title='bbox 479 1075 535 1090; x_wconf 82' lang='lat' dir='ltr'>natus</span> <span class='ocrx_word' id='word_1_359' title='bbox 542 1069 582 1091; x_wconf 88' lang='lat' dir='ltr'>fuit</span> <span class='ocrx_word' id='word_1_360' title='bbox 588 1084 595 1095; x_wconf 92' lang='lat'><em>‚</em></span> <span class='ocrx_word' id='word_1_361' title='bbox 609 1070 690 1091; x_wconf 83' lang='lat' dir='ltr'>fratrem</span> <span class='ocrx_word' id='word_1_362' title='bbox 696 1070 766 1091; x_wconf 82' lang='lat' dir='ltr'>habuit</span> <span class='ocrx_word' id='word_1_363' title='bbox 778 1070 869 1091; x_wconf 77' lang='lat' dir='ltr'>Valenti-</span> 
     </span>
     <span class='ocr_line' id='line_1_37' title="bbox 133 1097 870 1147; baseline 0 -29"><span class='ocrx_word' id='word_1_364' title='bbox 133 1098 227 1123; x_wconf 82' lang='lat' dir='ltr'>nianum,</span> <span class='ocrx_word' id='word_1_365' title='bbox 241 1099 314 1127; x_wconf 83' lang='lat' dir='ltr'>dequo</span> <span class='ocrx_word' id='word_1_366' title='bbox 319 1099 340 1119; x_wconf 91' lang='lat' dir='ltr'>in</span> <span class='ocrx_word' id='word_1_367' title='bbox 346 1097 597 1147; x_wconf 47' lang='lat' dir='ltr'>CodiceJustiniffiextat</span> <span class='ocrx_word' id='word_1_368' title='bbox 604 1098 693 1123; x_wconf 86' lang='lat' dir='ltr'>mentio,</span> <span class='ocrx_word' id='word_1_369' title='bbox 707 1098 786 1119; x_wconf 70' lang='lat' dir='ltr'>necnon</span> <span class='ocrx_word' id='word_1_370' title='bbox 796 1097 870 1128; x_wconf 70' lang='lat' dir='ltr'>conili-</span> 
     </span>
     <span class='ocr_line' id='line_1_38' title="bbox 804 1130 873 1146; baseline -0.014 0"><span class='ocrx_word' id='word_1_371' title='bbox 804 1130 873 1146; x_wconf 61' lang='lat' dir='ltr'>tutio,-</span> 
     </span>
    </p>
   </div>
  </div>
 </body>
</html>
