1046 1340
175 91 200 113 3‘
294 83 321 105 C.
336 83 410 112 JVLll
424 82 563 104 CAESARIS
577 81 801 104 CONSECRATIO.

173 119 225 140 ferre
230 118 323 139 timerent
329 118 425 139 incertam
435 125 440 138 :
456 117 573 145 optavimus
580 116 675 141 tandem,
686 122 709 137 ut
714 122 766 138 voto
777 116 846 138 nostro
852 116 920 139 succe:

174 147 230 167 deret
241 146 352 174 aliquando
358 160 365 170 ,
376 151 398 166 ut
408 145 448 166 tale
459 144 556 166 numisma
565 145 651 192 alit}uod
662 145 730 172 purius
735 159 742 170 ,
753 152 777 166 ac
783 145 841 173 quod
848 146 859 166 a
865 146 920 167 rubi-

175 175 222 203 gine
228 176 248 195 &
255 174 267 195 ὲ
273 174 369 195 vetustate
379 174 444 194 minus
454 172 520 194 laesum
526 173 573 194 effet
579 186 586 197 ,
606 179 617 193 e
628 173 686 193 nobis
692 172 774 193 offerret
780 173 873 194 sincerius
878 188 885 198 ,
897 178 921 194 ut

175 202 263 223 conferri
269 207 370 229 utrunque
376 201 473 222 numisma
478 208 501 221 ac
506 200 604 228 explicari
609 200 665 221 simul
670 200 735 228 pollet
740 214 747 225 ‚
757 202 778 222 δι
783 207 814 222 res
820 206 864 222 tota
870 201 922 229 poni

176 236 223 251 ante
228 230 298 250 oculos·
303 236 327 251 ac
333 229 417 250 indicari
423 243 429 253 ‚
440 231 501 257 'prout
506 229 553 249 effer
559 242 566 253 ,
577 228 655 249 anobis*
672 228 728 249 offer.
743 228 766 249 Si
772 234 838 250 tamen
843 229 864 249 in
870 236 922 257 proea

176 257 239 278 sentia
245 258 302 278 nohis
311 257 404 278 divinare
409 257 457 278 licet
463 271 469 281 ,
475 257 582 284 opinamur
587 256 643 277 aliud
659 256 707 277 uiffe
713 256 806 284 augurale
812 256 922 285 sceptrum,
952 270 954 272 -

177 286 236 313 quod
246 286 267 306 in
277 286 379 313 aliquibus
389 285 416 306 C.
428 284 512 306 Caesaris
522 284 627 304 dietatoris
642 284 729 305 nummis
743 284 854 313 aliquando
865 285 921 306 vidit

177 313 415 334 namlituocousociatur
422 314 443 333 ec
453 312 476 332 id
485 311 650 336 instrumentum,
660 311 693 332 seu
703 311 791 340 figillum
802 313 822 333 in
834 312 922 340 speciem

178 341 278 369 longioris
285 340 365 361 hastulae
375 340 407 361 seu
415 341 477 368 virgae
484 347 488 360 :
500 340 521 361 in
532 339 573 360 hoc
582 339 643 360 etiam
649 346 695 360 meo
701 340 785 361 nummo
791 347 817 361 eo
822 341 843 361 in
849 340 910 361 latere
915 354 923 365 ,

178 375 221 396 quo
227 368 287 389 retuli
292 368 380 389 extitisse
386 368 470 396 insignia
479 367 577 395 religiosae
590 367 670 395 pietatis
675 381 681 391 ‚
692 366 735 388 haec
741 367 801 389 verba
806 369 883 389 circum
889 375 923 389 or-

179 397 224 417 bern
231 397 309 417 nummi
314 396 431 424 legebantur
437 410 443 420 ,
453 396 553 418 PlETAs
565 395 631 417 AVG-
642 395 662 416 S.
669 395 698 416 ·C.
710 402 735 416 ex
741 395 815 423 quibus
821 396 887 417 verbis
893 396 923 417 fa·-

179 424 219 444 cile
224 424 334 445 ostenditur
344 424 395 452 quid
403 424 437 445 sibi
447 424 502 452 ligna
510 423 574 444 velint
583 423 660 444 ibidem
670 422 735 450 polita
741 437 747 447 ‚
757 422 783 443 de
789 424 863 451 quibus
868 423 924 444 dixiss

178 458 230 472 mus.
254 452 317 472 Hunc
327 457 393 472 autem
404 452 520 472 Maximum
530 451 550 471 in
561 451 601 471 hoc
613 457 697 471 nummo
708 451 848 476 nominatum,
863 452 923 473 illum

179 478 238 500 fuisse
243 479 337 500 existimo
342 493 349 504 ,
359 479 396 507 qui
401 479 489 500 creditus
499 479 522 500 (it
528 479 642 506 Pupienus,
652 480 674 499 ὅτ
685 485 746 506 quem
752 479 848 527 smil‘ffi'ss
856 480 922 507 Capi-

179 507 261 528 tolinus·
268 513 406 534 nuncupatum
416 507 517 528 existimat
532 507 571 535 (fic
580 507 634 527 enim
646 507 666 527 in
676 507 718 528 alio
724 508 779 528 numi
791 512 855 532 mate,
865 507 924 535 quod

179 534 208 555 est
214 535 269 562 apud
275 535 406 562 Torquatum
414 535 512 555 Bembum
518 535 540 555 P,
547 535 618 555 Bembi
629 534 695 555 filium
705 535 725 555 le
741 535 760 559 i,
774 535 923 556 1MP.chES.

179 563 285 583 CLOD.
307 562 482 583 PVPIENVS
502 562 669 582 MAXIMVS
689 562 707 582 A
739 561 783 589 G.)
798 564 819 583 ὃ(
834 562 870 589 qui
881 569 923 584 rem

180 595 251 611 contra
260 590 371 610 Germanos
378 589 423 610 saris
429 589 515 610 feliciter
520 588 578 617 geffit
583 603 589 613 ,
600 589 678 617 quique
683 589 749 610 miffus
754 589 848 611 adversus
854 590 923 611 Maxi-

180 618 257 638 minum
266 618 395 646 Tyrannum,
400 617 458 638 illum
468 617 523 645 apud
530 617 640 645 'Aquileam
646 617 724 638 devicit
729 631 737 642 ‚
746 617 780 639 hic
785 618 825 639 uni
830 625 877 639 cum
883 619 924 639 De-

180 646 216 666 cio
221 645 289 666 Caelio
294 645 380 666 Balbino
387 646 504 673 imperavit,
510 646 561 666 inter
567 652 619 673 quos
625 645 713 666 simultas
720 645 760 666 fuit
765 659 772 670 ‚
782 646 830 666 licet
835 646 924 667 occulta'.

180 673 224 694 Hic
234 673 301 694 statim
310 680 334 694 ac
339 674 449 701 imperator
455 673 551 694 faElusest
557 687 564 697 ,
574 673 613 694 uni
620 679 666 694 cum
672 673 758 699 Balbino
763 673 820 694 ascen
839 674 853 694 't
859 674 924 702 Capi-

181 701 292 725 tolium,ac
298 708 339 721 rem
344 701 434 722 divinam
440 701 496 722 fecit.
512 700 644 722 Decretisun't
649 701 668 721 ei
673 707 743 721 omnes
748 701 775 722 im
792 706 847 722 erato
858 702 873 722 ii
885 701 924 722 ho-

181 736 246 753 nores,
251 731 272 749 &
278 730 339 757 patris
346 730 415 756 pat-riae
421 736 493 750 nomen
499 729 579 750 meruit.
592 728 641 750 Fuit
646 729 707 749 etiam
713 730 772 756 ponti
782 736 808 750 e‘x
814 728 922 780 mnxQ,

181 756 406 784 insignibustribunitiae
412 756 822 785 potestatis,&jureconsularidecoratusz
834 765 876 778 non
888 758 891 762 '
914 771 924 775 -

181 785 256 805 merito
266 785 328 812 igitur
339 784 353 805 fi
363 785 384 805 in
396 791 479 805 nummo
488 784 533 805 sunt
543 785 647 812 religionis
657 784 754 813 iusignia⁸
764 785 923 806 acinstrumenta

182 812 314 839 pontificalia.
330 813 382 840 Qis
391 813 441 833 νει-ὸ
452 812 513 833 fuerit
522 812 626 833 Maximus
633 826 639 837 ,
649 814 670 833 &
680 813 737 840 quali
747 813 837 840 corporis
844 812 922 836 habitu,

181 840 204 860 id
213 846 238 860 ex
245 840 304 868 Julio
314 840 436 867 Capitolino
443 854 449 864 ‚
459 842 479 861 δε
490 840 621 864 Herodiano,
634 840 795 862 authoreGraeco
801 853 808 864 ‚
818 840 856 867 qui
861 840 924 860 ambo

182 867 242 895 hujus
254 868 381 895 imperatoris
390 868 492 889 historiam
499 867 599 896 persecuti
608 868 665 892 sunt,
677 867 738 890 facile
748 867 844 895 cognosci
850 867 922 895 potest.

182 895 218 915 Ne
224 895 257 916 hic
263 902 302 923 ego
312 895 361 916 dum
370 895 434 916 solum
441 903 503 917 unum
514 896 611 917 numisma
620 895 746 922 interpretari
752 895 869 920 constituo,
878 895 923 916 duo

182 923 284 950 explicem
291 929 361 951 praeter
366 930 405 944 rem
412 923 523 945 institutam
529 938 535 949 ‚
545 924 590 944 cum
597 929 651 943 nunc
660 923 786 950 gravioribus
792 930 804 944 n
831 924 879 944 otiis
885 923 923 944 im-

183 950 276 977 peditum
282 951 308 972 ad
313 951 351 972 alia
357 958 388 971 me
398 951 477 972 tranfire
487 956 548 979 cogat
553 951 650 978 temporis
656 950 756 978 angustia,
783 958 810 972 uo
830 951 878 972 alias
883 958 923 979 op-

183 979 291 1005 portunius
301 978 355 999 forte
364 986 405 1000 rem
413 980 439 1000 ad
449 979 591 1007 explicandam
601 978 701 999 concedat
712 979 762 1006 largi
786 979 824 1000 me.
849 979 880 1000 De
891 979 923 1000 his

184 1006 247 1034 igitur
254 1006 311 1030 saris,
319 1012 340 1027 tu
347 1007 468 1031 interea,mi
475 1007 557 1028 Gabriel
564 1006 710 1030 Buccabarilli‚
720 1006 763 1027 hzc
773 1006 923 1034 qualiacunque
939 1005 941 1007 '

183 1040 237 1054 nunc
246 1041 287 1054 non
297 1034 430 1061 aspernaberis
437 1049 442 1059 ,
452 1036 499 1056 curn
510 1035 521 1055 a
530 1034 606 1055 tetricis
617 1034 686 1055 studiis
695 1034 763 1062 legum
773 1035 863 1056 vacabis:
874 1041 922 1056 cum

182 1062 244 1082 etiam
250 1062 261 1082 ὲ
268 1068 299 1082 me
304 1063 334 1082 tui
339 1063 472 1084 amantillimo
477 1063 598 1091 proveniant
604 1076 610 1086 ‚
620 1064 640 1083 ὅτ
645 1063 671 1083 ab
676 1069 701 1083 eo
707 1076 714 1086 ‚
724 1063 760 1090 qui
765 1063 834 1083 omnia
842 1062 880 1083 tibi
885 1062 922 1083 bo-

183 1096 209 1110 na
214 1090 289 1116 cupiat.
304 1089 357 1110 Vale
362 1091 381 1111 fic
388 1097 420 1112 me
425 1098 474 1113 ama.
481 1092 509 1119 xj.
515 1091 560 1113 Cal.
567 1090 689 1118 Septembris
696 1090 727 1112 M.
734 1091 759 1112 D.
766 1090 832 1119 LV112
838 1090 922 1112 Placen.

183 1117 217 1138 tix
222 1123 246 1138 ex
253 1117 329 1138 aedibus
335 1117 412 1139 nostris.
845 1118 922 1140 sclu-
