1046 1340
307 97 442 120 VIRTVS
458 96 502 118 ET
518 94 697 125 AEQVITAS.
837 107 876 129 141

137 139 179 159 ¹ner:
200 132 292 161 uisquam
296 132 344 153 ideo
349 132 450 159 vituperet
456 131 509 152 hunc'
514 131 602 153 laborem
611 132 698 153 nostrum
705 148 714 157 ,
724 132 737 153 fi
743 134 811 154 omnia
817 148 823 158 ‚
833 141 879 162 quae

141 160 177 182 hic
182 140 227 182 {¹5⁸3
233 175 239 185 ‚
250 167 276 181 ex
281 160 337 188 Julio
341 160 463 187 Capitolino
470 159 527 180 volui
532 159 634 181 desumere
639 174 646 184 ,
657 167 703 181 curn
710 161 723 181 si
729 161 799 182 eadem
805 162 880 183 voluis-

141 188 183 210 sem
188 188 272 210 scribere
277 202 284 213 ‚
291 188 390 209 mehercle
396 187 445 208 meis
451 187 515 208 verbis
521 187 628 215 potuissem
635 202 642 212 ,
651 190 670 209 ὃ(
677 188 796 210 facillimum
803 190 852 210 mihi
858 190 881 211 id

141 216 221 241 fuisset,
231 217 278 237 etim
284 217 304 236 &
309 215 335 236 ab
340 215 460 236 Herodiano
466 215 539 236 Graeco
545 215 641 236 historico
647 216 754 243 potuiss‘em
767 217 878 238 transferre.

140 244 181 265 Sed
186 245 233 264 cum
239 242 363 266 Latineess‘et
372 243 527 270 explicandum,
539 248 617 270 quanto
626 244 697 264 melius
708 243 747 264 fuit
757 244 847 273 redigere
856 246 879 266 in

138 271 261 299 summulam
268 271 311 292 haec
317 270 385 291 omnia
405 271 511 292 ertinentia
520 271 546 292 ad
556 270 628 291 horum
639 271 789 292 Gordianorum
801 279 866 293 mores
872 287 879 297 ‚

138 306 214 328 genus,
225 300 298 323 vitam,
309 300 329 319 ὅτ
336 299 384 326 huju
396 298 453 319 modi
459 299 537 325 reliqua
548 312 555 322 ,
565 305 610 326 quae
620 299 879 327 copiose&prolixiuscule

140 332 219 348 enarrat
225 326 355 354 Capitolinus
361 339 368 350 ,
378 327 440 354 quim
446 332 508 347 novas
516 332 577 346 voces
584 340 590 350 ,
600 333 654 347 nova
659 327 756 347 orationis
767 328 867 349 vocabula
872 342 880 352 ,

140 356 161 376 ὃς
166 353 364 375 dicendiinusiratam
370 354 466 374 rationem
472 353 550 374 finxiffe
554 367 560 377 ,
570 360 615 380 qux
621 355 689 375 omnia
694 354 790 382 fugienda
796 355 848 380 sunt,
853 356 879 376 ab

140 382 173 403 his
183 382 299 410 przeipub,
307 382 344 409 qui
356 381 458 402 historiam
467 387 549 409 regum,
559 380 662 402 Caesarum
670 396 676 406 ‚
687 384 707 402 ὃς
719 389 837 410 magnorum
849 384 879 404 vi-

141 416 211 431 rorum
216 416 281 430 mores
287 423 294 433 ,
304 411 324 430 &
330 410 393 430 viram
399 414 500 429 enarrant:
508 408 622 436 boniigitur
628 409 723 436 aequique
729 410 834 431 consulant
844 411 879 431 has

141 437 216 458 nostras
226 437 375 459 lucubrationes
386 436 466 457 studiosi
473 450 479 460 ‚
490 438 510 457 ὃς
519 437 566 457 vere
575 436 676 457 literarum
687 442 786 457 amatores
793 451 799 462 ,
810 438 846 465 qui
856 443 879 458 nt

140 464 284 486 tantummodo
290 464 352 485 bonas
357 464 516 485 literasediscant
522 478 529 488 ,
542 464 644 485 laborant:
656 471 696 484 non
703 470 726 484 ut
732 464 802 485 affidui
815 466 865 486 fiant
871 480 878 490 ,

141 498 183 513 non
188 498 211 513 ut
216 490 274 513 listro
279 491 356 517 hiantes
362 505 369 516 ‚
377 491 480 512 scientiam
486 491 608 512 venundant.
619 492 683 518 Qod
695 492 705 512 s
703 492 770 519 perlat
780 492 806 513 ad
816 494 879 521 aequi-

141 524 205 541 tatem
214 526 298 540 nummo
307 519 428 547 insculptam
435 533 442 543 ,
451 519 616 546 &Cornucopiae
624 533 630 543 ‚
640 520 709 540 omnia
719 526 755 546 per
766 520 786 540 se
796 525 878 547 patent:

101 552 104 555 ‘
142 548 259 575 aquitatem
273 548 322 569 vero
336 547 394 568 deatn
409 547 514 568 coluerunt
530 547 619 568 Romani
632 546 703 574 illique
714 547 766 568 sacra
776 547 879 573 feceruut,

142 575 226 602 aequitas
232 579 298 596 autem
308 574 336 596 est
341 575 434 601 blandior
443 582 466 596 ac
471 575 572 603 placidior
579 574 660 602 justitia
665 589 672 598 ,
682 581 742 602 quam
754 575 825 596 habere
834 581 880 596 ante

141 603 214 623 oculos
216 603 307 630 judicem
313 603 389 630 semper
391 603 436 630 jura
441 603 573 630 praecipiunt,
582 603 666 629 :equitas
672 603 732 623 etiam
739 603 759 623 in
766 606 812 630 jure
821 604 879 624 civili

141 630 230 651 maxime
236 630 343 658 spectatur,
353 632 372 651 ὃ(
378 636 403 651 ex
410 630 465 651 bono
470 632 490 651 ετ
496 637 556 658 aequo
561 629 611 658 saepe
613 630 621 657 j
625 630 692 650 udices
697 630 803 651 sententias
809 630 879 658 profe-

141 663 195 679 runt.
205 658 310 679 Publicam
316 658 431 686 aequitatem
437 657 463 679 sic
468 658 534 679 flexam
541 657 598 682 vidi,
607 663 661 679 erant
668 663 706 678 tres
713 658 804 679 mulieres
810 659 880 680 mitra-

141 691 179 710 πε,
189 687 209 707 &
220 686 306 713 palliatae
313 700 320 709 ‚
330 686 396 707 media
404 685 504 713 spefikahat
513 686 618 709 dextram,
628 687 648 706 &
659 686 670 706 ὲ
680 686 732 706 laeva
741 685 878 713 spefikabatur5

141 714 334 741 omneslaevacopiae
339 720 415 738 cornu,
425 714 498 734 dextra
503 713 573 734 libram
578 713 684 737 habenteS‚
695 719 741 734 ante
751 714 812 741 pedes
824 721 880 735 acer-

120 756 122 758 -
142 748 192 762 vum
198 749 203 761 ι
209 742 308 767 privatam
313 741 430 767 aquitatem
437 741 462 761 fic
468 740 554 760 effistam
559 741 611 764 vidi,
616 746 658 760 erat
664 741 743 760 mitrata
749 741 881 769 palliarfique,

142 768 194 789 {lans
199 781 206 792 ,
215 767 287 788 libram
293 767 364 788 dextra
370 773 438 788 tenens
444 781 451 791 ‚
461 767 536 788 hastam
542 767 597 788 laeva.
616 767 647 787 De
652 766 759 788 foelicitate
764 774 831 789 autem
837 771 879 790 Au.

142 795 202 824 gusti,
206 802 267 823 quam
274 800 327 815 notae
334 794 413 823 fignatae
419 802 459 822 prae
465 795 484 816 se
490 794 556 815 ferunt
562 795 583 815 in
588 794 608 815 S.
614 795 640 816 C.
646 795 700 822 apud
706 795 847 822 Capitolinum
855 797 880 818 fit

141 823 219 844 mentio
224 837 231 848 ,
241 825 262 844 &
268 829 304 851 nos
310 823 330 843 in
336 822 454 844 numismate
460 823 549 850 quodam
555 822 581 843 de
586 829 609 843 ea
614 823 703 843 diximus
709 837 715 847 ,
726 823 767 843 haec
779 823 826 844 ideo
837 824 879 845 suf-

141 851 218 873 ficiunt.
236 850 298 871 Nudi
310 856 376 871 autem
388 850 476 871 hominis
486 850 568 874 stantiS,
579 852 599 871 &
610 850 671 872 clavae
681 851 783 871 innitentis
790 865 796 875 ‚
806 853 879 878 procul

141 878 206 899 dubio
211 878 306 899 Herculis
311 879 339 899 im
386 877 437 902 fuit,
448 885 493 905 quz
499 879 519 898 in
525 878 624 903 clarorum
631 878 719 899 virorum
729 879 836 906 triumphis
842 893 848 904 ‚
857 882 879 900 δε

141 906 169 927 ad
178 906 280 931 ‚honorem
290 906 316 927 fic
326 913 337 927 e
361 906 394 934 ngi
404 905 523 930 consuevit,
533 905 590 933 quod
600 906 697 927 Hercules
708 906 766 927 heros
780 907 879 928 virtutum

142 933 301 962 praeclan'ffimus
311 948 318 958 ‚
330 933 537 961 acpraestanfiffimus
547 933 608 953 fuerit
618 947 625 958 ,
641 935 661 956 ,δι
672 934 723 954 inter
732 934 781 954 deos
793 934 865 956 relatus
871 949 878 960 ‚

141 961 324 989 viamquearduam
331 975 337 985 ‚
346 968 391 989 quae
397 961 423 982 ad
431 962 526 982 virtutem
532 961 604 985 tendit,
610 961 686 988 primus
691 961 878 988 praemonstraverit,

141 989 198 1037 utfesk
203 989 258 1018 apud
265 988 431 1016 Xenophontem,
442 989 499 1017 quod
504 991 523 1010 sc
529 989 605 1010 Cicero
610 989 631 1009 in
636 988 688 1009 libro
694 989 761 1016 primo
766 988 878 1015 Officiorum

141 1021 163 1038 re
173 1022 209 1037 ert.
674 1019 676 1021 '

170 1045 194 1065 In
199 1050 283 1065 nummo
288 1049 383 1072 argenteo
388 1059 395 1069 ‚
406 1050 467 1072 quem
473 1044 535 1071 paulo
540 1044 653 1075 antequam
664 1044 705 1065 brec
715 1044 819 1066 scriberem
830 1045 878 1066 cudi

142 1072 193 1093 fecit
201 1072 354 1093 OCTAvivs
370 1071 544 1096 FAKNESIVS,
558 1078 652 1100 princeps
658 1073 755 1093 Romans
764 1074 880 1100 juventutis
919 1089 924 1094 .

140 1100 232 1128 optimus
235 1114 243 1126 ‚
255 1106 305 1122 mox
309 1098 483 1122 excellentiffimus
488 1099 549 1149 Duxs,
559 1100 627 1128 imago
632 1100 712 1129 iufignis
717 1100 757 1122 fuit
762 1100 823 1129 ipfius
833 1101 877 1131 Du-

562 1134 572 1156 3
614 1135 616 1138 ’
755 1136 757 1139 ·
836 1134 865 1149 cis
874 1137 881 1149 ι
