1046 1340
181 102 210 122 40
351 91 562 114 GERMANICI
580 88 746 113 CAESAR'rs
788 90 791 92 ’

182 127 284 156 quentiae,
293 127 431 155 doctrinaeque
440 133 512 155 genere
522 123 635 154 praceueus
644 134 649 147 :
664 126 827 148 benevolentiam
838 121 923 155 fingulass

183 163 224 177 reru
231 155 423 183 {conciliandaeque
433 155 539 176 hominurn
549 154 618 182 gratiae
624 168 630 178 ,
638 161 662 175 ac
672 155 801 182 promerendi
809 156 883 176 amoris
893 156 925 176 ni-

183 184 259 208 mium,
269 182 368 204 &efficax
374 182 470 204 studium.
489 182 564 204 Oravit
574 181 641 203 causas
650 182 780 210 triumphales
789 196 795 207 ,
804 187 867 211 atque
871 184 924 206 inter

183 216 255 233 extera
260 210 372 232 studiorum
381 216 523 235 monumenta,
533 210 616 238 reliquit
626 212 646 231 ὅ(
657 210 768 231 comoedias
773 210 861 231 Graecas.
880 211 926 232 Ha·
966 225 968 227 -

183 239 229 260 buit
238 239 259 259 in
270 239 400 260 matrimonio
405 239 540 267 Agrippinam
549 238 581 259 M.
587 238 772 266 Agrippae&Juli:e
781 238 845 259 filiam
851 252 858 263 ‚
867 240 888 260 &
898 245 926 260 ex

184 274 208 288 ea
213 274 288 288 novem
294 267 367 288 liberos
372 267 430 287 tulit:
446 266 480 287 sed
487 266 530 287 haec
539 266 580 293 jam
585 266 611 286 de
616 266 731 287 Germanici
736 266 779 287 vita
784 265 836 287 satis.
852 266 926 291 Sueto-

184 295 241 316 nium
246 295 300 315 enim
306 295 383 322 legere,
393 294 422 315 mi
431 294 514 318 Aimili,
524 300 560 321 per
570 297 591 314 te
600 294 689 321 poteris,
698 294 766 322 quide
776 294 816 315 hoc
826 294 865 315 alia
870 301 926 322 quae-

184 323 231 344 dam
238 322 332 350 praeclara
338 321 399 342 refert
404 335 411 346 ,
421 323 441 342 &
448 321 462 342 si
467 328 499 342 me
504 327 558 342 amas
563 335 570 345 ,
580 321 666 342 omuino
675 321 739 349 leges:
754 322 817 350 digna
821 322 874 345 enim
880 322 927 343 sunt

184 351 244 378 hujus
254 350 330 377 optimi
340 349 423 371 Caesaris
433 349 503 371 omnia
512 348 579 377 gesta,
589 354 613 370 ut
621 349 719 377 legantur.
734 349 774 370 Sed
780 351 801 371 in
808 350 927 371 numismate

184 378 238 399 illud
242 377 444 399 animadvertendum
450 391 457 402 ,
467 378 487 398 in
493 376 599 405 posteriori
605 382 662 404 parte
668 391 674 401 ‚
683 377 741 405 quod
747 377 879 399 Germanicus
885 384 927 398 non

185 405 227 427 fuit
233 405 333 434 Augustus
339 419 345 430 ,
357 412 399 426 non
404 405 457 426 enim
463 404 552 426 succeffit
562 405 583 425 in
593 405 679 433 imperio
689 404 734 432 post
739 404 877 426 oetavianum
883 407 924 426 Au-

185 433 277 462 gustum:
287 440 323 454 nec
328 433 459 454 Germanicus
466 432 567 461 Augustus
576 439 666 460 unquam
672 432 712 453 fuit
718 432 782 453 didius
788 446 795 457 ,
805 433 860 460 apud
865 440 928 461 quem

184 462 261 482 summa
267 461 393 489 Reipublicae
402 460 535 481 deferebatur.
549 460 605 481 Nam
611 461 743 481 Germanicus
748 467 851 488 nunquam
860 461 928 482 domi-

186 489 289 510 naxionem
295 488 397 517 assumpsit
402 502 409 513 ,
418 490 438 509 ὅτ
445 488 458 509 fi
467 488 621 516 pertinacissime
627 489 647 509 in
653 488 732 510 excessu
737 488 821 510 O&avii
828 489 924 517 Augusti,

186 517 276 545 legiones
282 516 392 537 recusantes
397 517 505 537 Tiberium
510 530 517 541 ‚
527 516 649 537 Germanico
654 516 732 537 deferre
739 517 821 538 vellent.
835 517 885 538 Solo
890 517 928 538 ita-

186 551 228 572 que
233 545 362 572 Imperatoris
368 545 449 565 nomine
454 544 560 565 decoratus
567 544 589 564 fu
592 545 608 565 it
613 545 744 565 Germanicus
749 558 755 568 ,
765 550 789 564 ut
794 545 854 565 etiam
860 545 928 565 Aleia-

187 578 219 593 tus
224 572 289 592 senior
299 573 319 592 in
329 572 494 592 annotationibus
503 572 524 591 in
532 572 583 592 Cor.
589 571 687 592 Tacitum
697 571 823 596 observavit,
832 572 869 599 qui
875 572 927 593 inter

186 599 274 621 Cxsaree
280 613 286 623 ‚
293 600 426 626 Imperatores
432 613 438 624 ‚
448 600 468 619 &
474 599 576 627 Augustos
586 599 673 620 multum
680 598 870 620 inoerfuiss‘edifferir
876 608 881 620 .-
887 600 928 621 hoe

187 628 249 655 pacto
254 641 260 651 ‚
265 627 353 653 Caesnres
358 627 407 648 dini
413 642 421 651 ‚
426 627 460 655 qui
465 627 554 655 Auguste
559 627 666 655 majestatis
671 627 759 649 haeredes
764 627 856 656 designati
862 629 929 655 effent,

186 655 352 683 administratione
356 662 424 676 rerum
428 655 472 675 illis
476 654 584 676 interdicta
589 671 598 679 2
603 655 642 682 rufi
636 656 721 682 fortaffe
722 656 857 683 provinciam,
862 657 895 677 Au
907 663 930 677 u-

181 683 264 711 stijuffu
268 699 277 707 ,
286 683 459 710 administrandam
463 682 564 706 haberat.
578 683 632 704 Hinc
637 683 691 704 nulla
695 684 725 704 eis
730 683 821 704 donativi
829 663 930 705 militifus

187 711 248 732 dandi
252 711 344 737 facultas
351 715 402 732 erat.
417 711 442 732 In
451 710 545 732 comitatu
553 718 586 732 eos
591 711 656 738 solim
660 711 770 735 habebant,
779 718 828 739 quos
834 712 930 740 princeps

187 739 291 765 tribuiffet.
306 739 372 760 Paulb
376 739 439 766 major
444 739 576 767 Imperatoris
580 739 602 760 di
615 739 677 764 nitas,
682 739 716 767 qui
721 739 768 760 licet
772 739 828 766 infra
833 740 930 769 gAugustt’

182 766 285 795 festigium
290 766 365 794 quitus
370 783 379 791 ,
388 767 467 795 ejusque
471 767 557 788 arbitrio
562 746 614 788 belli
618 772 699 796 gereret
703 783 712 792 ,
717 768 814 794 simmam
819 772 883 789 tamen
888 773 926 796 pa-

187 794 276 821 testatem
282 794 302 816 in
307 795 432 823 magistratus
437 810 446 819 ,
455 799 514 823 atque
523 795 598 816 milites
608 795 691 816 habebat
696 811 705 820 ,
707 795 737 823 ju‘
733 796 784 824 sque
793 796 825 816 illi
830 795 929 816 indicendi

187 822 235 842 belli
244 826 295 843 erat.
310 822 362 843 Haec
372 822 462 843 Alciatus
467 829 492 843 ex
501 823 611 843 Ammiano
617 837 623 847 ,
633 823 765 851 Lampridio,
774 822 928 844 &constitutio-

188 850 246 870 nibus
253 864 260 874 ,
270 849 327 875 cujus
333 850 360 870 rei
366 850 420 870 idem
425 851 445 871 in
450 850 607 878 hsstoriapatriae
613 852 710 872 meminit.
725 852 775 877 Quae
781 849 838 870 volui
844 849 916 870 dixiffe
922 864 928 874 ι

188 883 212 898 ut
217 876 336 898 tibiconstet
342 878 484 898 Germanicum
492 885 533 899 non
540 884 635 899 vocatum
642 878 700 899 fuiss‘e
705 879 765 905 Augu
769 876 819 898 stum
826 892 833 902 ,
839 877 874 898 nisi
879 884 930 898 con-

187 906 282 926 cedamus
292 905 322 925 illi
331 904 389 926 fuisse
397 905 437 926 hoc
447 912 520 927 nomen
535 906 561 927 ab
570 906 662 933 Augusto
670 905 785 926 octaviano
799 905 913 926 concessum
920 920 928 930 ,

189 933 237 960 quia
242 933 299 953 illum
310 933 369 954 valde
378 933 504 954 Ostavianus
514 934 619 957 dilexerit,
629 939 652 953 ut
660 933 722 954 etiam
732 933 768 954 diu
778 934 882 954 cuna-atus
893 933 933 957 sit,v

188 967 214 981 an
225 960 260 981 fibi
270 960 399 981 successorem
409 960 525 982 destinaret:
540 961 587 981 ideo
597 961 684 982 Tiberio
692 961 833 989 adoptandum
842 961 933 982 dederit.-

189 988 263 1009 Verius
268 988 330 1016 igitur
335 989 355 1009 in
362 988 479 1010 numismate
484 996 523 1017 ego
528 989 614 1017 legerem
620 1003 627 1014 ‚
636 989 657 1016 in
661 989 820 1017 terpretarerque
825 989 882 1016 quiid
888 989 929 1010 illz

189 1022 243 1036 ποτε
249 1029 255 1040 ,
269 1017 335 1043 Caefar
340 1016 437 1045 Adgustus
442 1017 572 1038 Germanicus
577 1033 586 1042 ,
596 1014 696 1043 Pontifex
701 1017 806 1038 Maximus
811 1033 819 1042 ,
828 1017 929 1038 Tribunis

188 1043 275 1068 Plebis,
288 1044 314 1065 ad
319 1045 356 1071 Caj
360 1051 393 1065 um
398 1044 513 1072 Caligulam
524 1044 584 1072 ipfius
589 1045 705 1066 Germanici
712 1045 775 1066 filium
783 1059 789 1069 ,
799 1045 835 1073 qui
841 1045 886 1072 post
893 1045 928 1065 de-

190 1071 282 1092 funaum
287 1072 394 1093 'Tiberium
400 1073 420 1093 in
427 1073 512 1100 imperio
517 1072 528 1093 s
527 1073 636 1097 accesserit,
641 1073 741 1100 speclent:
751 1080 796 1093 nam
803 1075 823 1093 δε
829 1072 870 1100 ipse
876 1073 928 1093 Ger-

188 1099 277 1121 manicus
282 1105 366 1121 vocatus
371 1099 417 1121 fuit.
429 1100 562 1122 Germanicus
570 1105 637 1122 autem
647 1101 713 1122 dietus
723 1101 753 1123 ob,
760 1101 886 1122 Germaniam
893 1100 928 1120 de-

846 1128 927 1150 vifflm:
