1046 1340
192 96 236 117 140
358 78 775 113 GORD1·A'NORVM

191 130 237 144 mus
242 129 268 144 ex
274 123 337 144 Fabia
341 123 437 145 Orestilla
442 123 527 145 Antonii
533 126 655 151 pronepote:
666 123 720 145 unde
726 124 826 145 Caesarum
831 123 933 147 familiam

194 151 313 179 contingere
319 151 429 173 videbatur.
445 151 592 173 Primisdiebus
602 151 631 172 sui
637 151 706 172 natalis
712 152 826 179 appellatus
831 152 858 174 est
868 153 934 174 Auto-

193 178 265 203 ninus,
280 186 329 200 rnox
342 179 454 201 Gordianus
466 179 534 200 haberi
544 184 626 206 coeptus
634 193 640 203 ,
649 180 669 200 in
680 178 748 200 studiis
758 180 876 208 graviffimae
886 181 937 209 opi-

193 207 260 227 nionis
267 206 317 227 fuit:
329 205 396 228 forma
406 207 526 235 conspicuus
532 220 538 231 ,
548 207 650 228 memorix
659 207 761 235 singularis
770 207 823 232 fuit,
835 208 934 230 bonitatis

192 234 288 262 insignis,
298 235 349 255 aden
355 241 377 256 ut
383 234 576 263 semperinscholis,
587 234 653 262 fiquis
664 241 772 262 puerorum
783 236 919 257 verberaretur
926 250 935 261 ,

193 261 229 283 ine
239 262 351 291 lachrymas
362 264 465 284 continere
475 269 515 285 non
526 262 598 290 posset.
618 263 692 284 Sereno
700 263 841 287 Sammonico,
851 264 887 291 qui
897 271 936 292 pas

192 290 221 318 pri
226 291 268 317 ejus
273 290 400 312 amiciffimus
406 305 413 315 ‚
424 291 459 313 fibi
465 296 532 312 autem
538 295 650 318 praeceptor
661 289 701 311 fuit
707 304 713 314 ‚
724 291 783 312 nimis
793 296 901 318 acceptus,
910 294 935 312 Sc

193 324 250 338 carus
256 318 317 346 usque
323 319 374 339 aden
380 333 387 343 ,
396 324 419 339 ut
425 324 494 339 omnes
500 317 562 338 libros
568 318 635 338 Sereni
641 318 764 339 Sammonici
775 319 836 346 patris
845 318 875 339 sui
881 333 887 343 ‚
896 320 936 347 qui

193 345 323 366 censebantur
328 346 354 367 ad
360 347 406 366 XL.
413 348 433 367 &
438 346 481 366 duo
487 345 550 367 millia
555 358 562 369 ‚
572 345 679 366 Gordiano
684 346 758 366 minori
764 347 850 368 moriens
859 347 894 367 ille
902 354 936 368 re-

192 373 306 400 linqueret,
316 373 373 401 quod
378 380 424 398 curn
432 374 459 394 ad
469 373 545 394 coelum
556 373 615 395 tulit:
627 372 725 401 fiquidem
735 379 795 395 tantae
805 374 936 396 bibliothecae

193 401 255 428 copia
263 415 270 425 ‚
284 403 304 422 &
310 401 417 429 splendore
422 402 509 422 donatus
514 401 535 422 in
541 400 614 422 famam
620 401 723 428 hominurn
729 401 856 423 literatorum
860 402 937 423 decore

192 429 293 456 pervenit.
313 429 437 456 Quaesturam
446 429 585 457 Heliogabalo
596 428 680 449 authore
690 429 814 456 promeruit,
824 430 936 451 Praeturam

191 456 311 477 Alexandro
316 457 500 478 authoreurbnnam
510 457 585 479 tenuit:
596 457 617 477 in
628 463 668 484 qua
677 456 729 477 adef>
738 456 758 477 se
767 456 817 477 bene
827 457 898 485 geffit,
908 463 935 478 ut

193 483 249 504 nulla
254 491 311 505 mora
320 485 346 505 ad
356 484 482 506 consulatum
493 484 618 513 pervenerit,
626 491 687 512 quern
697 484 742 504 seri>
752 490 807 512 pater
816 490 935 513 acceperat:

193 510 281 533 fuitvini
292 513 400 540 cupidior,
409 512 486 540 semper
496 518 563 533 tamen
573 512 708 539 undecunque
717 512 797 533 conditi
809 519 862 533 nunc
872 512 936 538 rosae,

193 546 248 560 nunc
254 540 364 566 mastiChae‚
375 548 427 565 nunc
432 540 544 569 absynthii,
554 540 670 567 caeterisque
675 540 744 564 rebus,
754 540 827 567 quibus
832 540 880 568 gula
891 547 936 562 ma-

193 567 250 589 xime
255 568 399 593 delestaretur,
409 569 449 589 cibi
456 575 533 596 parcus.
548 568 659 590 Mulierum
670 567 807 595 cupidiffimus
817 567 858 588 fuit
867 568 921 589 aden
929 583 937 593 ‚
959 588 961 590 .

193 601 218 616 ut
223 596 273 623 xxij.
280 597 401 617 concubinas
412 596 500 617 habuisse
510 595 584 620 fertur,
598 594 750 623 appellatusque
759 594 787 616 est
797 595 827 616 sui
837 597 937 623 temporis

192 623 296 648 Priamum
306 631 366 651 quem
373 624 436 652 vulgi)
444 625 547 652 jocantes,
557 624 615 651 quod
625 623 672 644 effen
683 629 757 644 naturae
767 623 903 651 propensioris
913 625 938 645 in

192 650 293 673 Venerem
299 665 306 676 ‚
311 652 410 680 Priapum
416 659 457 673 non
462 652 567 673 Priamum
573 651 623 679 saepe
629 651 751 672 vocitarent:
757 651 810 672 vixit
816 652 836 672 in
844 652 922 673 delitiis
927 666 935 677 ‚

193 678 214 698 in
220 678 283 699 hortis
289 693 296 703 ,
305 680 326 699 in
331 680 405 700 balneis
411 693 418 704 ‚
429 680 448 700 in
454 679 590 700 amoeniffirnis
595 679 719 701 nemoribus:
730 679 802 699 vestitu
814 679 935 701 cultiffirnus

192 705 246 730 fuit,
257 706 317 728 servis
323 720 330 731 ‚
341 708 360 727 δε
367 707 461 728 omnibus
468 706 507 727 suis
513 712 575 727 carus.
590 706 647 733 Qin
654 707 674 728 ὅτ
684 705 743 726 senex
754 710 811 733 pater
821 706 937 734 virgiliana

192 734 281 755 carmina
286 748 294 759 ‚
305 741 351 762 quz
357 735 377 755 in
383 734 495 759 (Aineidos
501 735 528 762 vj.
534 734 589 759 sunt,
603 739 650 755 cum
657 738 742 754 mortem
754 733 794 754 filii
801 740 935 762 auguraretur

192 761 244 790 saepe
249 762 338 783 recitasse
343 763 470 790 perhibetur:
829 787 832 790 K

273 790 378 817 Ostendent
392 791 456 811 terris·
470 791 520 811 hunc
533 790 610 810 tantam
619 789 682 814 fata,
695 796 755 818 neque
768 790 825 811 ultra

271 819 318 844 Effl’
325 818 405 845 fiuent,
418 818 498 839 nimium
511 817 568 838 vobis
583 817 671 838 Romana
681 822 766 846 propago

212 857 222 863 -
274 845 323 871 Vistz
331 850 416 873 potens,
424 846 508 874 staperi,
518 845 604 873 propria
617 845 658 866 hac
669 845 688 871 si
698 845 747 868 dona
759 845 844 871 huffen,

218 873 287 900 Hujus
296 873 492 902 GordIaniJunioris
499 878 585 897 extant,
593 875 613 893 &
624 872 689 895 soluta
699 874 801 897 oratione,
811 874 832 893 δε
845 872 933 894 versibus

190 901 228 922 scri
245 906 265 922 ta
271 915 278 925 ‚
289 908 334 928 quae
340 901 364 922 ab
370 902 412 928 ejus
417 901 508 922 affinibus
514 901 604 922 solebant
614 900 750 928 frequentari,
761 900 866 922 hominem
875 901 932 927 iuge-

190 908 270 950 niosiim
277 936 317 956 prz
322 929 341 950 se
346 928 431 950 ferentia
438 943 443 953 ,
456 929 489 949 sed
494 929 628 952 luxuriantia,
639 928 736 956 suumque
741 929 845 957 ingenium
855 927 931 948 discer-

191 957 264 977 nentia.
280 957 500 978 Pomorum&olerurn
507 955 630 978 avidiffimus
636 969 643 980 ‚
654 955 720 977 fuitin
732 957 810 983 reliquo
820 962 892 983 genere
902 955 932 976 ci-

191 984 263 1005 borum
270 984 403 1011 parcissimus:
414 990 456 1005 erat
465 986 486 1005 δε
496 983 588 1011 corporis
598 983 647 1004 vasti
654 997 661 1007 ,
671 991 733 1011 quare
742 984 768 1005 ad
779 983 855 1011 frigida
867 984 932 1011 magis

180 1016 182 1018 ’
190 1012 321 1039 vergebatur:
331 1014 351 1033 δι
357 1013 399 1034 haec
405 1013 487 1040 quidem
493 1012 513 1032 in
516 1011 602 1039 junioris
607 1010 708 1035 Gordiani
714 1018 778 1040 mures
783 1025 790 1035 ‚
800 1013 820 1032 ὃς
827 1011 891 1033 vitam
901 1018 928 1032 ex

190 1039 248 1067 Julio
253 1040 387 1068 Capitolino,
398 1041 485 1069 quanin
495 1039 643 1067 compendium
655 1039 745 1067 redigere
757 1039 829 1063 volui,
840 1046 867 1059 ne
874 1040 895 1060 δε
906 1038 932 1058 li-

191 1068 249 1088 brum
255 1067 399 1089 conscriberem
404 1069 452 1089 dum
459 1067 555 1090 numisma
560 1068 717 1095 interpretamur
726 1081 733 1092 ‚
744 1069 764 1088 ὃς
772 1074 797 1088 ne
802 1067 878 1090 omnia,
884 1072 930 1093 qum

190 1094 232 1123 legi
237 1095 292 1123 apud
301 1096 387 1118 eundem
399 1097 542 1125 Capitolinum
553 1094 647 1124 pdssunt‚
657 1095 738 1117 viderer
747 1095 800 1117 velle
810 1093 931 1116 exscribere:

680 1126 684 1128 ·
719 1125 721 1127 ’
892 1127 929 1143 nec
