1046 1340
153 96 183 124 96
314 94 409 117 CAES.
437 94 523 117 AVG.
550 93 744 115 TRAIANI

155 129 299 158 elegantiorem
315 130 416 151 restituit:
432 129 490 158 quod
504 129 552 150 ideo
568 128 588 149 se
604 127 672 149 feciss'e
688 127 788 157 insciipfit
797 142 805 153 ‚
817 132 899 158 ut-po.

155 159 228 186 pulum
248 158 366 179 Romanum
387 165 458 186 capere
478 158 544 186 poss'et
554 165 559 178 :
576 161 622 177 cum
643 156 713 177 amicis
731 158 751 178 sc
767 156 902 179 familiaribus

156 187 275 208 venationes
286 200 293 210 ,
305 186 403 207 convivia
416 200 423 211 ‚
437 185 497 210 seria,
509 186 569 214 jocos
589 184 706 212 frequenter
724 185 844 210 exercebat,
859 185 903 206 elo-

156 215 257 242 quentiae,
272 216 292 235 δε
307 214 412 242 diligentis
427 213 512 242 alicujus
526 212 646 234 eruditionis
657 219 698 233 non
709 219 780 241 expers
791 212 842 234 fuit:
858 220 904 235 mu-

157 249 203 263 nera
219 247 262 262 tum
273 241 357 263 facundi
367 244 388 263 st
399 249 440 263 non
445 242 524 263 indocti
534 241 621 262 hominis
633 240 769 268 pulcherrime
778 241 859 262 obibat:
871 242 903 262 ni-

156 270 228 298 hilque
237 270 322 291 omnino
336 276 391 294 erat,
401 270 459 298 quod
473 277 487 291 o
504 270 553 290 time
568 276 610 290 non
626 274 738 290 exerceret:
749 269 793 290 vini
807 268 900 297 aliquan-

157 303 202 319 tum
213 302 323 325 appetens:
334 305 375 318 non
387 303 427 318 tam
437 299 480 325 quo
505 304 531 318 eo
542 297 563 318 in
574 296 660 324 aliquod
671 297 747 318 crimen
756 296 902 325 prolaberetur;

157 325 179 346 in
189 326 281 354 augenda
293 332 313 346 re
319 325 414 346 familiari
420 325 547 350 moderatus,
558 325 606 346 belli
612 324 724 350 studiosus,
734 330 757 346 ut
763 330 856 353 acceptas
861 325 903 347 cla-

157 354 193 374 des
202 353 328 375 eme-daret:
340 354 360 374 in
387 353 465 374 erendis
476 353 534 374 bellis
545 353 656 381 plurimum
665 353 756 380 pecuniae
766 353 902 381 impendebat:

157 388 199 402 non
210 382 287 402 minore
296 386 363 402 tamen
372 360 493 403 {beralitate
504 383 524 402 Ec
534 380 624 409 impensa
633 380 711 409 segnius
726 388 749 402 ac
764 382 834 402 animo
844 388 903 403 orna-

159 409 260 430 menraest
265 409 378 437 amplexus.
392 409 494 431 Generosa
499 409 519 430 in
529 416 554 430 eo
560 409 643 430 canities
650 422 656 433 ,
666 410 685 429 δε
696 409 736 429 oris
746 409 837 436 majestas
847 410 905 437 prin-

159 438 227 465 cipem
237 437 331 465 prodidit
338 451 344 462 ‚
355 439 376 458 ὃ(
386 438 432 465 quis
442 437 496 458 foret
506 437 628 458 inementito
639 436 708 458 habitu
713 436 904 459 facileostendebat.

157 465 216 486 Bella
227 470 294 486 autem
300 479 307 489 ,
317 472 363 493 quae
373 465 430 493 geffit
437 465 537 493 Trajanus
548 465 591 486 haec
602 464 684 486 fuerunt
690 475 697 489 5
707 464 867 492 Expeditionem
879 465 902 486 in

158 493 227 514 Dacos
253 500 322 518 arans,
332 494 413 514 tandem
424 500 459 514 eos
465 493 556 521 subegit,
565 493 742 514 Decebaloeorum
749 492 806 541 Κεῗε
811 492 903 518 deviem,

137 541 146 548 ‚
158 521 195 549 qui
204 520 230 541 de
246 521 303 542 uetus
317 521 344 542 ad
353 521 477 549 Trajanum,
487 521 546 542 illum
561 520 619 542 humi
633 520 768 549 procumbens
793 521 904 548 upplicitet

158 549 259 570 adoravit.
276 548 414 577 lngress'iisque
423 555 472 570 tunc
483 549 572 570 Romam
582 549 682 574 Trajanus
693 555 718 569 ex
727 555 753 569 eo
767 549 856 570 Dacicus
866 556 904 577 ap-

158 576 308 604 pellaticoepit.
323 577 408 598 Parthos
414 576 497 601 invafit,
507 578 585 605 quos&
597 576 699 604 postremo
709 576 812 603 superavit
819 590 826 600 ,
836 577 904 598 Ctefi-

157 604 237 632 phonte
247 611 292 625 rece
308 610 340 629 ta,
349 605 475 632 imperatoris
486 604 576 626 Parthici
585 609 635 625 tunc
644 610 772 632 cognomen,
782 604 841 631 quod
856 610 903 626 ante

158 632 177 653 ei
183 632 281 653 tributum
298 637 359 653 uerat.
373 633 429 654 Cum
440 632 507 654 Hifibi
516 634 537 654 ὃ(
546 632 653 654 Ecbatanis
662 632 710 653 esset
719 632 799 660 potitus
806 646 813 657 ,
824 631 903 653 senatus

158 660 289 681 confirmavit
295 675 301 685 ‚
315 660 492 690 Transtygritanas
511 661 627 688 provincias
646 660 756 682 debellavit
773 660 904 689 imperioque

158 687 244 709 addidit.
260 689 374 709 Armeniam
384 694 445 716 atque
453 688 547 710 Arabiam
553 688 675 716 pervastavit
681 702 688 713 ‚
698 688 792 716 usquead
802 695 902 710 oceanum

158 715 272 743 progressus
278 730 284 740 ,
293 716 377 744 cognita
386 716 446 737 maris
454 722 523 737 natura
529 730 536 740 ,
548 715 611 737 naves
625 722 650 736 ue
666 715 807 743 conspicatus,
816 716 904 738 vtinam

159 743 251 772 (inquit)
255 743 342 771 juvenis
351 745 419 771 efflm,
424 744 515 773 profici‘b
525 744 545 765 in
553 743 606 771 fines
623 743 840 772 ndorumpenetrarem.
854 744 903 765 No-

158 772 214 792 mina
228 777 323 799 praeterea
333 773 431 793 victarum
441 773 453 793 a
463 772 482 793 se
492 772 584 800 gentium
594 772 676 793 Senatui
686 772 802 796 nuntiavit,
812 779 899 800 quarum

158 806 251 820 numerus
257 805 323 820 tantus
328 805 378 824 erat,
384 805 407 820 ut
413 800 449 821 vix
454 800 555 824 recenseri,
561 805 595 821 aut
602 800 701 821 nominari
713 800 798 828 possent.
814 800 903 822 Alexan-

158 827 197 849 dro
207 833 285 851 autem,
295 829 351 855 cujus
361 828 487 849 :emulatione
497 828 591 849 Rubrum
597 834 677 849 mareac
683 834 781 849 oceanum
792 828 903 855 navigave-

158 860 196 879 rat,
202 855 222 875 in
228 862 251 876 ea
256 855 320 876 domo
326 856 440 883 parentavit
447 870 454 881 ‚
464 856 485 876 in
492 862 532 884 qua
538 856 635 884 expirasse
641 855 746 877 ferebatur.
761 855 902 883 Triumphalis

157 889 214 905 arcus
221 897 227 907 ,
237 888 309 910 praeter
318 883 358 904 alia
368 884 444 908 multa,
470 890 499 904 uae
509 884 530 905 in
541 884 642 905 honorem
652 881 735 911 Trajlm·
746 884 765 904 &
776 882 869 908 decreta,
880 885 901 905 &

159 910 212 933 fa&a
219 910 309 935 fuerant,
318 911 338 931 in
345 911 399 931 illius
406 910 452 932 foto
467 911 578 933 obstructus
584 912 612 932 est
618 925 624 936 ,
635 911 671 939 qui
676 917 743 932 tamen
749 911 812 932 hodie
820 918 860 932 non
866 919 901 932 ex-

158 944 194 959 tat.
211 939 265 959 lllud
271 944 337 959 autem
343 939 362 959 in
370 939 468 960 honorem
477 940 561 966 Trajani
574 940 595 959 in
607 939 677 966 primis
687 939 764 960 senatus
774 939 865 960 decrevit
878 945 901 961 ut

158 966 293 988 OPTIMVS
304 967 448 995 appellaretur:
461 969 480 988 &
487 967 570 994 quidem
576 967 627 987 nihil
632 974 678 988 eum
685 968 747 995 magis
753 968 816 995 quam
822 974 900 995 cogno-

158 1000 204 1015 men
215 994 322 1015 OPTlMl
332 995 387 1023 juvit
396 1000 469 1023 utpote
479 994 569 1015 moribus
579 996 599 1016 &
612 995 806 1022 mansuetudiniejus
812 996 900 1017 maxime

158 1023 285 1043 conveniens.
301 1022 357 1044 Nam
368 1023 445 1051 reliqua
456 1023 558 1047 bellis‚&
568 1023 627 1044 armis
639 1023 717 1044 facilius
726 1024 829 1044 attribuas.
843 1024 900 1045 Illud

158 1050 244 1078 dignum
256 1051 306 1072 scitu
316 1051 396 1072 hicnon
407 1051 558 1079 praetermittam
585 1051 626 1072 uod
637 1051 691 1072 Dion
703 1051 784 1076 retulit,
794 1052 840 1072 curn
852 1052 900 1073 Par-

158 1078 240 1099 thorum
250 1081 269 1099 &
277 1080 415 1100 Armeniorum
422 1079 470 1100 fines
476 1079 571 1107 ingressus
587 1079 748 1107 uiffetTrajanus
753 1093 760 1104 ,
770 1079 857 1108 regionis
864 1079 899 1101 Sa-

157 1111 219 1136 trapae
226 1106 306 1135 ipsique
311 1113 361 1129 mox
366 1114 421 1136 reges
426 1114 472 1129 cum
483 1107 597 1130 muneribus
604 1108 623 1129 ei
630 1113 758 1130 occurrerunt
764 1121 771 1133 ,
780 1114 899 1156 equgmqeue

798 1145 801 1147 ·
837 1142 863 1156 ux
878 1142 898 1157 re
