1046 1340
273 94 379 118 PAVLH
393 95 488 117 LEPml
501 95 693 117 coxmonom:
833 104 861 127 45

120 129 211 154 ,vasu
223 129 250 151 P.
264 130 290 152 F.
304 131 413 152 PRISCA.
428 131 492 151 l-lune
501 130 634 151 tumulum‹in
643 130 717 158 elogiis
728 129 766 151 suis
772 131 863 153 Alciatus

123 158 190 180 noster
202 158 283 179 inseruit
288 173 295 183 ,
306 159 340 179 ubi
345 159 407 179 etiam
413 158 523 179 dictionem
529 158 600 179 Paulli
605 159 751 179 animadvertit
756 173 763 183 ‚
773 159 821 180 ideo
827 166 863 180 nos

119 187 225 208 lubentius
232 187 266 207 hic
271 187 395 208 adduximus
400 186 485 207 eundem
496 187 611 211 tumulum,
622 192 644 207 ut
655 186 736 207 videant
747 188 864 215 Antiquarii

120 215 186 243 quam
197 215 250 235 belle
261 215 383 236 conveniant
394 214 446 234 inter
456 214 475 234 se
485 214 616 238 numismata,
626 216 646 235 ὃς
658 221 756 236 marmora
766 221 864 236 veterum.

117 243 179 266 *Idem
191 243 281 264 Alciatus
292 243 311 263 in
320 242 448 269 expositione
458 242 516 269 hujus
526 242 600 262 tumuli
607 242 657 262 ame
663 243 733 267 citati,
743 242 804 264 refert
810 258 817 268 ‚
828 243 864 264 ase

121 271 249 292 observatum
260 270 318 291 fuisse
328 270 423 291 Paullum
433 277 480 291 curn
489 270 569 297 duplici
579 270 641 298 longa
651 270 707 290 lirera
713 270 771 291 scribi
776 272 797 292 in
802 272 864 292 Pom.

121 300 180 327 ponii
186 299 236 320 Laeti
241 303 290 319 auto
315 298 378 325 apl-iis.
387 298 427 319 Sed
432 297 491 326 quod
495 298 516 318 in
523 299 563 318 hoc
568 298 686 319 numismate
690 298 713 319 sit
719 299 784 320 Paulli
790 299 865 327 Lepidi

121 328 212 354 mentio,
222 332 274 354 puro
296 326 343 347 uifl'e
353 326 446 347 Marcum
456 326 566 347 AEmilium
575 326 678 354 Lepidum
688 328 708 347 δι
719 327 743 347 L.
755 327 865 348 AEmilium

121 355 229 379 Paullum,
238 354 274 382 qui
283 354 344 375 ambo
353 354 444 375 consules
454 353 548 379 fuerunt,
558 355 579 375 &
589 360 684 382 praetores
691 368 698 379 ‚
708 360 731 375 ut
736 355 757 375 in
762 356 833 380 tertia,
843 358 865 377 ec

122 384 227 410 quarm&
235 383 307 410 quinta
312 383 360 403 Dec.
372 382 428 410 apud
434 382 515 403 Livium
524 382 618 410 legimus.
634 383 710 403 Lucius
719 389 786 409 autem
797 384 865 404 AEmi·

121 410 161 432 lius
170 410 250 432 Paullus
259 410 299 431 fuit
308 410 375 432 Marci
380 410 462 432 AEmilii
472 410 546 437 Lepidi
552 410 606 431 filius
611 415 634 430 nt
644 410 698 430 testis
703 410 789 431 estidem
795 412 865 432 Livius

121 439 157 459 lib.
163 445 184 459 x.
194 439 271 461 Decad.
282 439 320 466 iiij.
326 439 407 459 Paullus
413 438 471 466 hujus
477 438 500 459 L.
507 438 573 459 Paulli
578 437 643 462 filius,
654 443 677 459 ut
683 438 829 459 Plutarchusin
835 440 866 460 vi-

121 472 143 488 ta
147 467 213 488 Paulli
219 467 301 488 AEmilii
307 471 372 487 narrat
377 480 384 491 ‚
394 466 420 487 de
425 466 522 487 Lusitanis
528 465 663 494 triumphavit
670 480 675 490 ,
686 466 766 488 necnon
773 466 799 488 de
807 467 865 488 Persa

121 494 636 549 ius

641 535 647 545 Σ

122 546 205 571 nomine
214 549 294 571 Persam
303 549 538 577 mortuumdeploraret,
548 549 702 576 ominearrepto
707 549 771 570 statim
776 550 865 571 ereetum

121 578 143 599 in
149 577 204 606 spem
213 577 314 598 clarissimi
322 577 421 605 triumphi
426 577 512 598 eundem
517 577 616 598 Paullum.
632 577 688 598 Vide
698 577 829 599 Plutarchum
843 579 864 599 iu

121 606 166 627 vita
175 605 241 626 Paulli
250 605 331 627 AEmilii
336 619 343 630 ,
352 607 373 626 &
382 606 505 627 Ciceronem
516 606 536 626 in
547 605 632 626 libris-de
636 605 766 627 Divination.
782 606 865 627 Marcus

122 638 190 654 autem
200 633 297 661 AEmilius
307 633 397 661 Lepidus
408 639 485 654 creatus
496 632 536 654 fuit
549 632 647 654 Pontifex
654 648 660 658 ,
670 634 704 654 cui
720 633 760 654 fuit
776 633 865 655 simultas

122 668 170 682 cum
179 662 211 682 M.
221 661 298 683 Fulvio
307 661 384 682 Flacco
393 661 500 682 Nobiliori
506 661 581 690 ‚quod
589 662 622 682 M.
632 661 723 690 Lepidus
733 662 810 683 diceret
825 662 844 683 se
854 662 867 690 a

121 689 198 711 Fulvio
208 694 265 710 certo
275 689 380 711 consulatu
389 689 490 717 dejestum
495 704 502 714 ,
512 691 540 716 Q
546 689 642 711 Metellus
647 690 744 711 Czcilius
750 690 810 711 verba
815 689 865 711 fecit

122 718 174 739 inter
180 718 246 746 princi
262 718 283 739 es
287 717 407 739 Senatorum
413 732 420 742 ,
430 724 475 745 qu:
482 718 552 739 Livius
558 723 622 739 narrat
627 718 662 739 lib.
669 724 691 739 x⁴
698 718 774 740 Decad.
781 724 864 746 quartae.

123 746 204 773 Quibus
215 752 249 766 ver
265 746 281 766 is
289 746 375 766 excitati
384 747 411 767 ad
421 746 562 766 Concordiam
571 746 652 766 dextras
669 746 775 773 fidemque
784 746 865 770 dedere,

123 774 204 794 mittere
214 774 261 794 vere
270 780 293 794 ac
303 773 360 794 finire
369 774 448 794 odium.
463 774 495 794 De
504 773 542 794 hac
548 780 568 794 re
573 773 634 794 etiam
641 773 704 795 Aulus
710 773 789 794 Gellius
795 775 866 795 memi-

123 801 155 821 nit
164 800 214 822 Noc.
228 801 358 823 Atticarum
367 801 407 822 lib:
414 801 450 829 xij.
460 808 504 829 cap.
515 802 559 828 viij.
570 800 639 829 postea
648 801 810 822 collaudantibus
816 808 867 823 cun·-

122 829 160 850 &is
171 829 210 849 hoc
221 828 297 849 saelum
304 843 310 853 ,
318 830 379 850 ambo
384 829 467 850 deduffi
473 829 685 857 sunrinCapitorlium.
695 829 726 850 M.
732 829 820 851 AEmilio
827 830 865 851 Le-

122 857 175 885 pido
180 870 187 881 ,
192 857 264 884 quibis
270 856 340 883 consul
345 864 369 878 au
386 858 449 884 t'irque
454 856 495 877 fuit
499 871 507 882 ‚
516 863 539 878 ut
545 858 616 879 Livius
621 857 656 878 lib.
664 864 683 884 3.
688 857 759 878 decad.
769 860 787 885 3'.
793 859 865 878 merni-

124 885 162 909 nit,
168 884 258 909 filiitres,
263 885 347 909 Lucius,
378 891 435 905 arcus
440 898 447 909 ,
456 885 547 912 Qinrus
553 899 560 910 ,
570 885 629 906 ludos
635 885 726 907 funebres
731 892 768 913 per
773 886 864 907 triduum

123 914 144 933 &
154 912 290 940 gladiatorum
304 913 363 941 paria,
372 913 419 934 duo
431 914 455 933 δι·
462 919 497 934 xx.
512 920 548 941 per
562 913 653 934 triduum
663 914 683 934 in
694 913 742 934 foro
754 913 860 934 dederunt.

124 940 189 969 Qiod
198 946 265 961 autem
275 941 296 961 in
306 948 390 962 nummo
401 941 424 962 sit
435 940 560 969 (concordia)
571 940 640 962 referri
650 941 716 969 potest
726 941 752 962 ad
762 948 832 969 pacem
843 944 865 963 δε

123 968 254 989 concordiam
261 968 293 989 M.
298 969 379 990 AEmilii
385 969 461 997 Lepidi
469 976 516 990 cum
522 970 553 991 M.
559 970 636 991 Fulvio
642 969 761 994 Nobiliori,
774 975 797 990 ut
806 968 866 997 supra

124 996 179 1017 dixi:
195 996 253 1024 quod
258 996 370 1018 fitverbum
379 997 446 1018 TER.
457 997 483 1024 ad
493 997 585 1019 Tertiam
597 997 662 1019 Paulli
668 996 830 1022 AEmiliifiliam',
838 998 865 1018 de

124 1031 166 1052 qua
170 1025 258 1052 superius
264 1024 331 1045 rettuli
337 1039 344 1049 ‚
358 1025 404 1053 quis
411 1025 475 1053 poss'et
480 1025 553 1047 referre
564 1032 604 1046 non
611 1025 692 1053 inepte,
701 1024 735 1045 sed
746 1024 800 1046 forte
806 1026 865 1047 Paul-

123 1052 166 1073 lum
172 1052 293 1077 AEmilium5
307 1054 363 1080 cujus
369 1058 425 1074 extat
431 1053 472 1074 vita
477 1053 533 1081 apud
538 1053 682 1080 Plutarchum,
693 1054 760 1079 verius
764 1054 810 1081 quis
817 1053 865 1074 fuis-

123 1080 169 1101 sein
175 1080 214 1101 hoc
221 1080 340 1102 numismate
344 1080 467 1102 intellexerit
473 1095 479 1105 ‚
493 1086 516 1102 ut
521 1081 612 1109 Lepidm
618 1086 732 1109 exponatur
737 1088 775 1109 pro
782 1082 865 1106 &Emi-

123 1108 163 1134 lio,
176 1108 243 1130 Groeci
257 1109 312 1133 enini
320 1108 456 1137 *lepiditatem
470 1109 566 1156 sermogis
581 1110 621 1139 (ut
631 1109 716 1138 inquit)
731 1109 852 1132 Plutarchus
858 1124 864 1134 ‚

297 1152 299 1154 .
558 1143 567 1163 ³
791 1138 864 1162 aipm'u
